1867 3215
1629 94 1722 139 131

192 209 350 253 Forma
378 214 578 264 alpestris
606 217 790 258 humilis.
821 217 880 262 Pl.
912 229 996 258 exs.
1029 217 1121 258 coll.
1153 228 1244 259 ven.
1276 227 1316 257 n.
1347 215 1474 261 3⁰⁰1».

190 278 237 320 In
267 280 472 336 glareosis
500 282 542 321 in
573 294 730 323 summo
759 285 859 339 jugo
890 284 1041 324 montis
1069 284 1182 325 Pena
1212 284 1262 325 de
1288 284 1409 324 Oroel
1438 283 1489 325 ad
1517 285 1589 325 alt.
1603 285 1731 327 5000‘

77 346 180 386 satis
209 349 389 401 copiose.
448 347 574 389 Junio
605 362 638 391 c.
669 349 756 391 flor.

190 414 284 456 obs.
344 415 408 456 Gl.
438 417 611 465 spinosa
639 428 758 470 aeque
803 429 852 457 ac
884 416 947 457 Gl.
976 419 1187 458 valentina
1215 415 1475 458 suffraticosa
1503 421 1579 458 est.

192 483 287 523 855.
350 480 414 522 Gl.
445 481 670 531 cordifolia
699 482 741 523 L.
782 476 827 534 β.
853 495 968 524 mma
998 483 1160 525 Camb.
1192 485 1333 527 Willk.
1377 485 1402 528 l.
1441 498 1475 525 c.
1509 498 1548 537 p.
1577 488 1644 526 22.
1676 505 1728 513 —-

74 546 133 589 Pl.
165 561 252 588 exs.
281 549 372 589 coll.
405 561 495 590 ven.
527 561 566 588 n.
599 552 693 591 299.

192 613 239 654 In
268 614 474 656 montibus
504 616 737 670 Aragoniae
767 619 1014 672 superioris:
1060 618 1173 660 Pena
1215 617 1266 658 de
1304 617 1446 668 Oroiil,
1486 618 1529 657 in
1566 615 1730 659 fissuris

77 683 237 736 rupium
269 696 390 723 secus
431 684 658 738 marginem
700 685 1064 737 septentrionalem
1109 673 1231 739 atqu}
1270 686 1311 724 in
1351 689 1508 725 summo
1546 685 1648 738 jugo
1685 685 1729 724 in

81 751 287 790 consortio
322 749 384 791 Gl.
403 753 598 801 spinosae
624 737 669 791 β.
703 751 895 804 copiose3
928 752 969 791 in
1001 752 1214 806 Pyrenaeis
1243 751 1293 792 ad
1323 752 1392 792 alt.
1423 752 1731 800 4500—5500‘,

78 828 113 858 v,
146 830 180 857 c.
212 818 263 858 en
296 817 334 858 el
365 818 514 858 Puerto
546 817 596 858 de
630 817 844 866 canfrane,
876 819 917 857 in
948 818 1056 858 valle
1087 818 1192 861 has.
1223 817 1349 859 Junio
1379 832 1412 860 c.
1442 817 1529 858 flor.

185 886 280 927 856.
340 885 402 927 Gl.
433 887 671 925 nudie-aulis
709 883 753 927 L.
794 884 938 925 Willk.
969 884 994 926 l.
1037 898 1070 925 c.
1112 899 1150 938 p.
1197 888 1262 926 23.
1308 909 1363 916 -—
1405 885 1467 925 Pl.
1507 897 1592 925 exs.
1634 878 1725 924 coll.

73 965 162 992 ven.
195 965 234 991 n.
268 955 358 994 107.

187 1017 232 1058 In
261 1017 424 1059 fissuris
455 1019 618 1071 rupium*
645 1018 852 1071 praecipue
882 1018 1156 1058 calcarearum
1187 1020 1382 1059 montium
1401 1017 1725 1059 cantabricorum

72 1088 114 1126 et
143 1085 470 1139 Pyrenaeornm:
502 1087 542 1125 in
576 1084 744 1140 rupibus
774 1098 902 1139 prope
935 1085 1086 1125 Otanes
1117 1086 1157 1125 in
1188 1076 1343 1126 (litione
1373 1086 1434 1126 las
1462 1080 1726 1126 Encastacio-

71 1166 161 1203 nes,
191 1154 232 1192 in
262 1145 399 1193 monte
429 1153 526 1193 Pico
558 1153 608 1193 de
639 1153 836 1192 Sarantes
866 1156 989 1205 atque
1030 1153 1072 1191 in
1108 1153 1278 1205 rupibus
1303 1155 1419 1208 juxta
1447 1154 1726 1193 sanctuarium

73 1220 157 1260 San
186 1220 332 1273 Roque
365 1233 491 1273 prope
521 1220 690 1268 Bilbao,
729 1221 770 1260 in
801 1224 937 1260 monte
966 1219 1080 1261 Pena
1111 1220 1321 1273 Gorveya,
1363 1222 1403 1260 in
1444 1224 1582 1260 monte
1611 1220 1725 1260 Pena

73 1286 123 1328 de
155 1287 289 1336 0roffl,
321 1288 528 1341 praecipue
559 1287 599 1326 in
630 1287 760 1327 latere
790 1287 1117 1340 septentrionali,
1149 1288 1190 1327 in
1216 1288 1430 1342 Pyrenaeis
1457 1288 1546 1328 loco
1573 1287 1722 1328 Puerto

68 1351 119 1394 de
136 1353 349 1405 (lanfranc,
382 1355 423 1394 in
440 1353 547 1395 valle
573 1344 665 1394 Izas
695 1357 770 1394 etc.
803 1353 853 1393 ad
886 1354 954 1397 alt.
982 1355 1258 1398 500—50001.
1291 1353 1561 1410 Majo,Juni0
1580 1369 1613 1395 c.
1633 1355 1720 1398 flor.

669 1431 1114 1487 Plumbaqineae.

803 1500 975 1541 Scacice.
1171 1502 1175 1503 ⁷

179 1568 274 1609 857.
334 1565 398 1608 St.
429 1565 670 1607 Limonium
699 1566 744 1608 1..
775 1568 911 1610 Boiss.
944 1570 986 1608 in
1015 1567 1153 1609 Prodr.
1183 1565 1273 1608 ΧΠ.
1306 1579 1344 1620 p.
1377 1567 1472 1608 644.

70 1690 74 1697 ι
173 1632 220 1673 In
251 1631 458 1675 sabulosis
487 1633 537 1674 ad
567 1635 698 1676 lacum
726 1634 916 1676 Albufera
948 1648 1077 1690 prope
1100 1635 1333 1676 Valentiam
1362 1633 1451 1673 loco
1482 1633 1522 1673 la
1537 1631 1716 1673 Debesa.

64 1699 165 1754 Aug.
198 1713 231 1740 c.
263 1700 352 1741 flor.

172 1769 266 1809 858.
325 1767 389 1808 Sc.
419 1767 639 1819 ovalif'olia
668 1768 802 1811 Poir.
834 1768 968 1809 Boiss.
999 1769 1024 1810 l.
1059 1783 1092 1809 c.
1125 1783 1163 1824 p.
1197 1771 1292 1811 646.
1324 1791 1377 1800 -
1415 1763 1474 1809 Pl.
1507 1782 1593 1809 exs.
1626 1769 1715 1809 coll.

64 1845 156 1875 ven.
188 1847 226 1875 n.
258 1837 352 1877 438.

176 1900 222 1942 ln
253 1900 429 1942 humidis
460 1903 583 1942 salsis
616 1903 723 1943 inter
750 1903 907 1957 Alagon
949 1906 989 1942 et
1019 1901 1144 1956 BorJ'a
1182 1904 1224 1942 in
1266 1903 1471 1958 Aragonia
1508 1901 1716 1952 inferiore,

61 1969 164 2009 locis
193 1968 398 2010 similibus
428 1971 537 2028 inter
558 1970 804 2011 Carrascosa
835 1973 876 2010 et
901 1967 1135 2010 Tarrancon
1166 1970 1207 2010 in
1226 1969 1405 2010 castella
1435 1983 1554 2010 nova.
1588 1970 1718 2020 Julio,

62 2037 163 2093 Aug.
192 2051 226 2079 c.
258 2037 346 2078 flor.

170 2106 266 2147 859.
328 2102 396 2146 St..
423 2106 585 2145 minuta
613 2105 657 2146 L.
690 2113 721 2148 ε.
752 2105 1004 2156 dissicislora
1034 2104 1209 2144 Boiss.
1239 2103 1265 2145 l.
1299 2117 1332 2144 c.
1363 2103 1403 2158 p.
1433 2107 1528 2146 655.
1560 2110 1618 2141 -ς
1653 2103 1713 2145 Pl.

62 2183 149 2211 exs.
180 2171 272 2211 coll.
304 2184 395 2215 ven.
426 2185 465 2212 n.
495 2176 590 2215 492.

174 2235 221 2277 In
238 2238 444 2281 sabulosis
462 2238 513 2279 ad
528 2239 658 2280 lacum
680 2238 870 2281 Albufera
886 2240 975 2280 loco
992 2238 1032 2279 la
1049 2236 1215 2279 Debesa
1232 2239 1412 2293 copiose.
1453 2239 1554 2294 Aug.
1574 2252 1606 2279 c.
1626 2237 1713 2278 flor.

171 2298 266 2351 860.
328 2303 389 2344 Sc.
420 2308 652 2357 dichotoma
686 2306 801 2346 Cav.
861 2305 997 2346 Boiss.
1029 2306 1055 2345 l.
1088 2319 1119 2347 c.
1154 2320 1192 2360 p.
1225 2308 1319 2348 661.

172 2371 218 2411 In
251 2370 425 2413 humidis
455 2373 562 2414 inter
594 2374 752 2429 Alagon
783 2376 823 2414 et
840 2372 965 2428 BorJa
994 2385 1084 2413 cum
1117 2371 1178 2413 St.
1205 2370 1436 2422 ovalifolia‚
1467 2371 1541 2412 sed
1569 2371 1711 2411 rarior.

62 2435 91 2479 J
94 2435 176 2479 ulio
209 2451 243 2478 c.
275 2438 364 2479 flor.

780 2494 990 2536 Armerz'a.

175 2563 271 2605 862.
332 2560 383 2603 A.
413 2564 644 2613 pubescens
672 2561 755 2603 Lk.
788 2562 923 2603 Boiss.
963 2563 990 2603 l.
1022 2575 1055 2605 c.
1093 2577 1132 2618 p.
1163 2565 1259 2605 680.
1305 2584 1359 2593 -
1397 2561 1455 2602 Pl.
1502 2573 1588 2601 exs.
1620 2559 1712 2600 coll.

62 2634 154 2670 ven.
186 2642 226 2669 n.
259 2632 324 2671 4'0.
436 2647 439 2649 ·
642 2665 666 2686 ⁰

184 2694 232 2737 In
265 2690 609 2737 arenoso-lutosis
639 2708 745 2750 aqua
775 2697 932 2737 marina
959 2696 1168 2738 inundatis
1196 2695 1423 2737 interYrun
1455 2698 1495 2735 et
1524 2692 1722 2736 Fuenter-

63 2760 177 2809 rabia
210 2766 335 2817 atque
365 2764 406 2803 in
437 2763 545 2803 valle
575 2763 731 2818 Loyola
761 2777 888 2819 prope
918 2764 960 2807 S.
990 2764 1223 2806 Sebastian.
1254 2762 1364 2819 Majo
1395 2776 1428 2802 c.
1460 2760 1548 2803 flor.
1579 2753 1601 2758 “

170 2830 266 2892 861.
340 2829 390 2875 A.
432 2833 666 2887 caespicosa
703 2829 883 2879 Boiss.
918 2831 943 2876 l.
991 2844 1024 2874 c.
1070 2845 1108 2890 p.
1138 2833 1232 2874 679.
1277 2829 1451 2883 (Statice
1496 2830 1715 2885 caespitosa

61 2895 245 2954 ortega.)

1398 2968 1475 3011 17..
