1867 3215
167 78 234 124 8⁰

242 199 464 243 Abundat
492 198 534 237 in
563 197 677 252 agris
705 194 882 236 desertis
911 193 1120 248 argillosis
1135 190 1344 233 Gastellae
1373 201 1505 230 novae
1534 191 1577 228 et
1604 187 1813 230 Extrema·
1861 185 1867 235 ἓξ

167 268 291 312 durae
321 265 569 320 superioris
611 276 647 302 v.
690 276 722 302 c.
756 264 862 301 inter
892 259 1110 301 Madritum
1140 264 1180 299 et
1210 258 1425 307 Toletum,
1457 238 1677 309 praecipue
1707 256 1815 295 circa

166 335 354 375 cabanas
384 331 693 384 copiosissime,
733 341 860 382 prope
890 328 1092 368 Talavera
1121 326 1171 367 de
1200 326 1240 366 la
1269 324 1677 377 Reyna‚010pesa,
1708 323 1814 362 inter
1855 362 1863 369 ,

167 399 411 454 Malpartida
441 402 483 438 et
511 397 742 438 Plasencia.
774 396 860 436 oct.
892 409 924 436 c.
957 394 1044 434 flor.

280 469 373 509 519.
435 463 484 504 T.
520 462 791 504 Wiclleommii
827 475 868 505 η.
912 474 974 512 sp.
1007 461 1052 502 C.
1083 460 1131 502 Η.
1164 457 1390 500 Schultz
1424 456 1514 509 Bip.
1547 456 1589 495 in
1618 455 1695 495 litt.
1754 455 1815 498 Pl.

168 548 253 575 exs.
285 533 376 573 coll.
410 544 501 571 ven.
536 544 574 570 n.
607 532 702 570 462.

282 599 470 639 Perenne
499 596 748 645 multicaule,
780 596 964 636 caulibus
995 594 1210 649 prostratis
1241 591 1415 645 lignosis
1446 589 1655 638 tortuosis,
1686 600 1819 628 ramu-
1858 640 1867 650 Ι

169 667 234 707 los
275 667 422 706 breves
462 664 628 704 steriles
667 663 906 711 edentibus3
947 662 1057 702 foliis
1097 659 1358 699 inferioribus
1400 657 1577 696 breviter
1609 655 1818 708 petiolatis
1865 669 1867 674 ·

170 734 341 774 summis
371 731 602 780 sessilibus‚
633 730 821 770 omnibus
853 730 939 769 basi
972 730 1053 769 late
1077 724 1379 781 vaginantibus,
1412 722 1821 775 pectinato-bipinna-
1859 757 1862 760 ,

174 802 360 850 tisectis,
391 799 554 838 laciniis
584 797 824 837 lanceolatis
855 797 986 836 acutis
1012 796 1217 850 juniorum
1250 792 1434 847 margine
1462 789 1684 838 involutis3
1712 789 1821 841 capi-

175 868 273 907 tulis
312 867 489 906 breviter
527 864 812 918 pedunculatis
851 863 900 904 ad
933 864 1089 915 apicem
1121 860 1249 900 caulis
1281 860 1320 896 in
1354 856 1585 909 corymbum
1618 855 1821 895 fasciculi-

173 934 341 975 formem
375 931 697 987 oligocephalum
730 931 964 984 congestis3
1002 927 1182 968 anthedii
1223 926 1329 965 ovati
1372 924 1553 977 squamis
1584 922 1822 972 imbricatis,
1851 960 1860 969 ἓ

172 1000 443 1042 exterioribus
471 999 713 1038 lanceolatis
744 997 971 1046 herbaceis‚
1004 994 1265 1035 interioribus
1297 990 1551 1044 longioribus
1582 989 1662 1028 late
1689 989 1816 1028 linea-

174 1067 287 1107 ribus
317 1067 434 1119 apice
463 1065 630 1106 ressexis
661 1064 982 1103 membranaceis
1013 1063 1184 1109 laceris;
1217 1060 1384 1099 floribus
1413 1056 1706 1110 marginalibus
1736 1056 1822 1096 bre-

175 1135 278 1173 viter
317 1133 501 1187 ligulatis
540 1132 681 1186 ligulis
722 1130 912 1179 reflexis,
953 1127 1173 1168 discoideis
1204 1127 1380 1165 breviter
1414 1121 1685 1177 quinquesidis
1717 1125 1821 1164 lohis

174 1202 328 1248 ovatis3
376 1200 561 1239 acheniis
607 1197 895 1253 (juvenilibus)
933 1196 1113 1237 curvnlis
1152 1194 1345 1243 sulcatis,
1391 1204 1523 1245 pappo
1564 1190 1824 1231 coroniformi

175 1267 352 1307 dentato.

286 1334 387 1374 Hah.
433 1335 472 1372 in
503 1333 709 1388 glareosis
748 1331 946 1371 calcareis
977 1328 1189 1369 sterilibus
1220 1330 1260 1368 in
1292 1329 1461 1381 planitie
1492 1331 1576 1374 alta
1607 1333 1715 1372 inter
1743 1328 1829 1369 Μο-

179 1402 261 1440 lina
293 1400 343 1439 de
374 1401 535 1454 Aragon
567 1404 606 1439 et
636 1397 854 1439 Pozondon
886 1397 936 1437 ad
965 1398 1034 1437 alt.
1067 1399 1362 1438 3500—4200‘
1392 1400 1570 1451 passim,
1617 1399 1685 1439 ubi
1715 1398 1750 1438 d.
1791 1402 1821 1438 l.
1863 1400 1867 1409 '

175 1469 275 1523 Aug.
308 1467 520 1507 florentem
547 1467 643 1521 legi.

283 1534 315 1574 E
346 1536 530 1574 sectione
561 1533 993 1583 Xanchoyymnocline
1024 1532 1065 1571 C.
1098 1531 1145 1572 Η.
1179 1532 1404 1573 Schultz
1430 1532 1520 1586 Bip.
1554 1534 1594 1572 in
1626 1532 1822 1574 Tanacet.
1852 1553 1867 1587 ⁰.

176 1615 358 1655 monogr.
419 1601 565 1641 Planta
601 1603 805 1654 prostrata
844 1599 932 1639 solo
975 1599 1173 1652 adpressa
1203 1599 1275 1639 sed
1306 1614 1386 1640 non
1417 1601 1616 1641 radicans.
1677 1600 1825 1640 Caules

175 1682 351 1725 pennam
391 1670 595 1708 corvinam
637 1668 765 1706 crassi
806 1664 1284 1706 rufescenti-tomentosi.
1345 1668 1463 1708 Folia
1500 1667 1550 1708 ad
1580 1668 1824 1708 ramulorum

174 1737 316 1789 apices
347 1748 580 1783 numerosa,
609 1734 825 1774 nascentia
856 1733 1110 1786 complicata,
1142 1734 1232 1773 albo
1255 1735 1660 1781 lanato-tomentum,
1691 1733 1829 1774 adulta

179 1815 303 1854 supra
333 1801 478 1841 viridia
507 1802 641 1855 pilosa
673 1800 818 1840 subtus
849 1801 1266 1840 cinereo-tomentosa
1282 1802 1453 1841 circuitu
1469 1801 1651 1853 elliptica
1665 1801 1826 1842 6-9“¹

178 1869 302 1924 longa
332 1870 496 1909 4-5‘⁴¹
527 1869 623 1918 lata,
655 1868 818 1907 laciniis
846 1868 997 1920 parvis.
1059 1867 1245 1919 Capitula
1278 1871 1400 1916 4-8,
1432 1872 1517 1907 tres
1546 1868 1677 1907 lineas
1707 1867 1830 1920 longa

179 1935 281 1975 duas
312 1936 445 1975 lineas
477 1935 571 1974 lata.
621 1933 865 1975 Anthodium
894 1933 1339 1977 lanato-tomentosum.
1369 1934 1516 1974 Flores
1544 1935 1669 1975 aurei.
1702 1932 1828 1973 Ache-

181 2003 249 2042 nia
279 2006 475 2041 testacea.

293 2069 466 2122 Species
505 2068 816 2121 elegantissima
857 2064 994 2105 affinis
1038 2065 1086 2106 T.
1119 2067 1426 2116 achilleaes'olio
1457 2067 1499 2107 C.
1532 2067 1580 2106 Η.
1612 2064 1834 2106 Schultz

181 2135 384 2188 (Pyrethr.
418 2133 647 2173 achilleaet.
677 2133 734 2172 Μ.
767 2132 814 2171 B.
847 2132 895 2172 cf.
927 2133 1010 2173 De.
1043 2133 1180 2173 Prodr.
1214 2134 1281 2174 Vl.
1315 2137 1422 2183 580,
1454 2147 1477 2173 a
1509 2146 1585 2186 quo
1618 2133 1836 2185 praecipue
1865 2126 1867 2136 ¹

180 2201 314 2241 differt
345 2201 529 2240 caulibus
560 2201 780 2252 prostratis
811 2200 899 2239 solo
933 2200 1143 2253 adpressis
1173 2214 1248 2240 nec
1279 2199 1736 2247 adscendenti-erectis,
1770 2211 1835 2237 co-

183 2269 324 2321 rymbo
356 2268 607 2307 condensato
639 2281 716 2306 nec
748 2267 862 2314 laxo,
904 2267 1092 2320 capitulis
1125 2267 1302 2307 breviter
1334 2281 1411 2307 nec
1442 2267 1565 2321 longe
1595 2265 1837 2320 pedunculu-

184 2335 252 2381 tis,
283 2335 463 2386 squamis
495 2334 758 2372 interioribus
789 2334 904 2384 apice
935 2333 1082 2372 laceris
1114 2338 1188 2373 etc.

294 2404 386 2441 520.
451 2399 499 2440 Τ.
532 2399 807 2438 Parthenium
825 2399 865 2438 C.
887 2400 930 2437 ll.
958 2399 1168 2438 Schultz
1201 2400 1288 2453 Bip.
1326 2400 1352 2439 l.
1385 2413 1418 2439 c.
1451 2423 1504 2429 —
1536 2399 1596 2439 Pl.
1628 2411 1712 2439 exs.
1745 2398 1835 2444 coll,

185 2480 276 2508 ven.
309 2471 352 2508 n?
382 2470 469 2508 194.
530 2466 784 2516 (illatricaria
814 2464 947 2506 Parth.
977 2464 1017 2505 L.
1077 2466 1313 2518 l‘yrethrum
1346 2466 1480 2506 Parth.
1513 2467 1618 2514 Sm.)

296 2532 340 2571 ln
372 2534 540 2585 rupibus
572 2534 770 2570 arenariis
804 2534 918 2586 juxta
955 2534 1227 2571 sanctuarium
1260 2534 1299 2572 S.
1334 2532 1501 2571 Marcia}
1544 2545 1670 2585 prope
1701 2532 1824 2580 Yrun,

186 2601 312 2642 prope
339 2587 634 2628 Fuenterrabia
665 2593 705 2626 et
736 2590 776 2626 S.
811 2588 1054 2635 Sebastiffli,
1084 2587 1208 2628 Junio
1240 2602 1271 2627 c..
1306 2587 1415 2634 ssor.;
1457 2588 1506 2627 ad
1535 2600 1660 2639 rupes
1690 2590 1824 2641 grani-

185 2646 288 2684 ticas
319 2656 534 2694 murosque
566 2656 690 2694 prope
722 2643 841 2696 Bejar
873 2645 911 2681 in
942 2655 1068 2696 regno
1099 2642 1360 2694 Legionensi,
1393 2643 1477 2682 Oct.
1509 2656 1541 2682 c.
1575 2642 1662 2681 flor.
1848 2685 1862 2695 f

299 2703 390 2739 521.
455 2698 503 2740 Τ.
543 2698 753 2736 Achilleae
793 2697 835 2736 C.
870 2698 914 2736 ll.
949 2697 1159 2738 Schultz
1190 2699 1213 2737 Ι.
1247 2713 1278 2739 c.
1320 2721 1372 2727 -—
1413 2698 1470 2738 Pl.
1504 2711 1589 2739 exs.
1621 2697 1711 2737 coll.
1745 2709 1820 2737 ven

188 2757 279 2794 272.
312 2754 567 2806 (l'yrethrum
601 2753 806 2792 Achilleae
838 2752 939 2800 DC.)

300 2808 343 2847 ln
385 2809 560 2848 dumetis
601 2809 761 2848 collium
791 2808 838 2846 acl
870 2807 1034 2847 fluvium
1067 2807 1161 2847 lroti
1194 2810 1232 2847 in
1263 2808 1469 2856 Navarra,
1515 2808 1555 2846 in
1589 2806 1694 2848 valle
1726 2805 1862 2846 fluvii*

189 2863 349 2916 Aragon
381 2865 486 2904 inter
516 2864 702 2904 'riennes
733 2867 773 2903 et
803 2861 957 2904 martes
988 2863 1165 2915 copiose.
1198 2863 1324 2903 Junio
1365 2876 1397 2901 c.
1430 2861 1515 2902 flor.
