1867 3215
1613 111 1674 153 31

25 233 250 284 videbatur,
281 234 537 277 lutescentia.
582 234 748 287 Sepala,
783 236 955 290 capsula
983 237 1222 290 seminaque
1253 248 1340 276 cum
1371 233 1420 275 L:
1455 232 1677 282 tenue'fole'o

29 306 267 355 congruunt.

142 371 231 409 179.
293 367 341 409 L.
373 367 683 419 suffr-uticosum
713 366 756 407 L.
815 368 874 410 ΡΙ.
908 383 991 410 exs.
1023 370 1122 412 coil..
1146 382 1234 409 ven.
1266 383 1302 409 n.
1336 371 1431 411 274.

138 434 184 475 In
216 435 419 488 glareosis
449 435 739 487 sterilibusque
768 435 963 475 Navarrae
995 436 1264 484 austraiioris,
1298 437 1514 490 Aragoniae
1544 436 1679 490 regni-

29 515 106 554 que
143 503 364 542 valentini:
410 503 450 541 in
491 502 662 540 collibus
703 502 851 541 Puerto
894 502 944 542 de
980 502 1166 543 Moureal
1208 508 1248 542 et
1288 503 1376 542 loco
1418 503 1566 542 Puerto
1610 502 1674 541 del

27 568 174 608 Diablo
205 569 362 618 (Nam),
403 570 441 608 in
481 568 590 607 valle
632 568 742 607 fluvii
774 569 960 624 Aragon,
1002 569 1044 608 in
1074 571 1278 609 montibus
1319 569 1445 623 prope
1475 570 1674 623 Segni-be,

29 635 154 675 Chiva
184 640 259 675 etc.
291 636 418 685 (val.)
449 635 735 690 Junio—Aug.
768 650 800 676 c.
833 636 870 679 fl.

140 705 230 743 180.
292 702 338 743 L.
370 705 658 741 narbonnense
687 702 729 743 L.
790 702 918 742 Rchb.
952 701 1007 742 lo.
1039 702 1107 745 VI.
1139 702 1164 742 f.
1196 706 1316 744 5161.
1377 703 1435 743 Pl.
1469 717 1554 744 exs.
1586 703 1676 745 coll.

29 781 119 809 ven.
146 778 191 811 ·n.
224 772 315 810 261.

139 836 183 875 In
214 837 441 891 glareosis,
482 836 717 886 sterilibus,
749 836 925 876 dumetis
955 836 1148 876 Navarrae
1180 836 1445 890 (Pamplonas,
1482 837 1676 885 Liedena,

29 902 176 942 Puerto
217 902 283 943 del
314 903 536 951 Momeah,
575 904 803 956 Aragoniae
842 905 904 951 (in
944 903 1050 943 vaile
1080 902 1196 942 fluvii
1229 904 1389 958 Aragon
1422 908 1521 951 etc.)
1562 907 1679 959 regni

30 968 227 1008 valentini
257 970 487 1025 (Segni-be,
519 970 767 1021 Murviedro‚
800 970 957 1020 Ghiva),
991 970 1195 1010 Castellae
1226 984 1358 1010 novae
1388 972 1599 1018 (Serrania
1631 972 1680 1011 de

30 1033 226 1081 Cuenea).
259 1036 401 1086 Junio,
434 1037 516 1077 Jul.
550 1051 582 1076 c.
613 1036 652 1076 ss.

142 1105 232 1145 181
291 1103 340 1143 L.
373 1103 694 1157 ansuscifolium
723 1102 873 1144 Huds.
914 1103 1042 1147 Rchb
1072 1104 1127 1144 Ic.
1159 1105 1185 1144 l.
1218 1118 1250 1145 c.
1284 1104 1309 1145 f.
1344 1107 1464 1146 5158
1498 1104 1556 1144 Pl.
1590 1117 1675 1144 ess.

26 1169 117 1210 coll.
150 1183 240 1213 ven
275 1184 311 1210 n.
344 1174 399 1211 48
429 1176 470 1210 et
502 1175 592 1212 137.

138 1237 182 1276 ln
214 1238 484 1291 graminosis,
528 1239 679 1291 pratis,
721 1237 770 1277 ad
803 1251 926 1292 sepes
956 1229 1081 1292 prope
1110 1239 1221 1278 Yrun
1254 1243 1294 1278 et
1325 1240 1421 1278 alibi
1451 1253 1522 1294 per
1553 1243 1678 1278 totam

28 1302 284 1343 Cantabriam
318 1310 357 1343 et
385 1305 604 1344 Navarram
637 1306 1000 1361 s‹pte11trionale1n
1032 1305 1178 1351 (forma
1210 1307 1368 1355 elatior,
1401 1320 1484 1346 exs.
1520 1321 1556 1345 n.
1590 1309 1676 1354 48).

25 1371 116 1423 Apr.
149 1370 258 1425 Majo
291 1386 322 1411 c
356 1371 395 1410 ss.
430 1376 469 1411 et
498 1371 571 1421 fr.;
608 1396 658 1402 -—
690 1373 729 1410 in
762 1371 934 1411 collibus
966 1372 1164 1411 caicareis
1196 1387 1319 1427 prope
1352 1373 1495 1412 Bilbao
1528 1372 1572 1419 (f.
1606 1372 1676 1411 hu-

25 1438 132 1476 milis
164 1451 248 1478 exs.
282 1452 321 1480 n
358 1442 481 1489 137)
517 1439 624 1493 Majo
658 1439 748 1478 defi

136 1507 226 1546 182.
288 1505 336 1545 L.
354 1505 623 1548 viscosumt.
656 1504 785 1545 Rchb.
819 1504 873 1548 Ic.
905 1506 930 1546 l.
965 1519 998 1548 c.
1028 1505 1054 1546 f.
1087 1509 1208 1548 5167.
1239 1507 1298 1548 Pl.
1335 1521 1420 1547 exs.
1456 1508 1546 1547 coll.
1582 1520 1673 1547 ven.

25 1585 63 1612 n.
94 1575 188 1613 256.

136 1638 182 1678 In
223 1641 470 1695 graminosis
506 1639 762 1693 dumetisque
793 1640 999 1681 Navarrae
1031 1641 1243 1681 orientalis
1275 1645 1315 1681 et
1346 1642 1575 1696 Aragoniae
1606 1655 1672 1681 su-

24 1707 224 1760 perior-is:
253 1708 293 1746 in
325 1706 499 1747 vallibus
530 1708 743 1748 fluviorum
776 1708 873 1748 Irati
906 1712 946 1748 et
977 1709 1152 1762 Aragon,
1184 1710 1222 1748 in
1256 1708 1677 1761 vallibusl’yrenaeo-
1733 1743 1735 1745 ,

23 1786 110 1813 rum
152 1773 414 1815 inferioribus
457 1779 513 1825 (v.
553 1789 585 1815 c.
620 1775 726 1816 infra
760 1774 979 1824 Canfrane)
1011 1788 1142 1829 usque
1170 1776 1219 1816 ad
1249 1776 1318 1815 alt.
1352 1778 1490 1817 2800‘.
1550 1775 1674 1816 Junio

26 1854 57 1880 e.
91 1840 133 1883 ss.

138 1910 229 1949 183.
289 1907 340 1949 L.
371 1911 570 1949 camarti
566 1921 646 1948 um
675 1909 719 1949 L.
750 1909 878 1953 Rchb.
909 1910 968 1963 Ic.
993 1909 1062 1950 VI.
1095 1909 1121 1948 f.
1154 1913 1276 1951 5155.

135 1974 180 2014 In
211 1977 469 2029 rupestribus
501 1990 626 2031 prope
658 1976 801 2017 Bilbao
834 1978 922 2017 loco
955 1978 1086 2018 Paseo
1117 1975 1167 2016 de
1197 1976 1258 2014 las
1291 1976 1438 2025 Canas,
1468 1977 1509 2015 in
1540 1979 1676 2015 monte

24 2040 138 2081 Pena
167 2042 384 2096 Gorveya,
426 2045 467 2084 in
498 2046 727 2100 margaeeis
759 2058 886 2099 prope
916 2044 1097 2085 Liedena
1126 2044 1167 2083 in
1197 2043 1389 2083 Navarra.
1449 2042 1545 2098 Maj.
1577 2043 1673 2083 Jun.

27 2120 61 2147 o.
94 2107 133 2148 fl.

758 2177 955 2221 Radiola.

139 2244 229 2283 184.
289 2242 341 2282 R.
373 2244 547 2284 linoides
578 2245 736 2288 Gmel.
769 2245 900 2286 Rchb.
933 2246 987 2286 Ic.
1021 2246 1045 2285 l.
1080 2259 1113 2286 c.
1146 2244 1171 2284 f.
1208 2247 1329 2286 5152.

137 2309 277 2349 Sierra
315 2309 365 2349 de
406 2310 683 2352 Guadarrama
722 2315 764 2353 in
802 2314 989 2354 arenosis
1020 2311 1195 2353 humidis
1226 2324 1353 2365 prope
1383 2311 1674 2351 monasterium

2 2375 100 2416 ·Sta
128 2375 259 2418 Maria
288 2376 353 2417 del
383 2377 543 2420 Paular.
576 2381 690 2433 Sept.
723 2379 813 2421 dess.

705 2445 1002 2487 Tiliaceae.

787 2512 913 2553 Titia.

141 2579 231 2617 185.
294 2575 343 2617 T.
374 2579 630 2630 platyphylla
659 2580 804 2634 Scop.

135 2643 182 2682 In
213 2642 447 2683 nemoribus
479 2643 721 2686 cantabriae
751 2648 929 2701 passim,
971 2647 1012 2685 in
1043 2645 1259 2687 Cantabria
1290 2646 1394 2686 *hinc
1424 2645 1517 2686 inde
1547 2646 1672 2697 culta,

27 2710 122 2749 item
154 2711 193 2749 in
227 2723 393 2750 nemore
423 2712 537 2765 regio
568 2725 695 2765 prope
726 2714 941 2768 Aranjuez.

146 2779 232 2818 186.
297 2777 344 2816 Τ.
373 2779 574 2817 silcestris
602 2778 744 2819 Desf
785 2781 849 2825 (Ἰ.
884 2780 1100 2833 pan-vifolia
1129 2779 1269 2829 Ehrh.)
1300 2778 1428 2819 Rchb.
1463 2779 1514 2822 ic..
1545 2779 1611 2819 Vl.
1643 2778 1669 2819 f.

29 2845 147 2884 5137.
