<?xml version="1.0" encoding="UTF-8"?>
<!DOCTYPE html PUBLIC "-//W3C//DTD XHTML 1.0 Transitional//EN"
    "http://www.w3.org/TR/xhtml1/DTD/xhtml1-transitional.dtd">
<html xmlns="http://www.w3.org/1999/xhtml" xml:lang="en" lang="en">
 <head>
  <title>
</title>
<meta http-equiv="Content-Type" content="text/html;charset=utf-8" />
  <meta name='ocr-system' content='tesseract 3.04.00' />
  <meta name='ocr-capabilities' content='ocr_page ocr_carea ocr_par ocr_line ocrx_word'/>
</head>
<body>
  <div class='ocr_page' id='page_1' title='image "./sertumfloraehisp00will_0109.png"; bbox 0 0 1867 3215; ppageno 0'>
   <div class='ocr_carea' id='block_1_1' title="bbox 1589 137 1680 182">
    <p class='ocr_par' dir='ltr' id='par_1_1' title="bbox 1589 137 1680 182">
     <span class='ocr_line' id='line_1_1' title="bbox 1589 137 1680 182; baseline -0.044 1"><span class='ocrx_word' id='word_1_1' title='bbox 1589 137 1680 182; x_wconf 81' lang='lat'><strong>101</strong></span> 
     </span>
    </p>
   </div>
   <div class='ocr_carea' id='block_1_2' title="bbox 43 246 1730 2795">
    <p class='ocr_par' dir='ltr' id='par_1_2' title="bbox 43 246 1730 364">
     <span class='ocr_line' id='line_1_2' title="bbox 155 246 1730 315; baseline 0.002 -17"><span class='ocrx_word' id='word_1_2' title='bbox 155 260 246 298; x_wconf 73' lang='lat' dir='ltr'><strong>Oba.</strong></span> <span class='ocrx_word' id='word_1_3' title='bbox 305 259 434 300; x_wconf 86' lang='lat' dir='ltr'><strong>Valde</strong></span> <span class='ocrx_word' id='word_1_4' title='bbox 472 258 609 300; x_wconf 76' lang='lat' dir='ltr'><strong>affinis</strong></span> <span class='ocrx_word' id='word_1_5' title='bbox 653 259 704 300; x_wconf 85' lang='lat' dir='ltr'><strong>P.</strong></span> <span class='ocrx_word' id='word_1_6' title='bbox 735 262 898 313; x_wconf 68' lang='lat' dir='ltr'><strong>vulqus-i</strong></span> <span class='ocrx_word' id='word_1_7' title='bbox 937 264 978 302; x_wconf 88' lang='lat' dir='ltr'><strong>et</strong></span> <span class='ocrx_word' id='word_1_8' title='bbox 1018 260 1194 314; x_wconf 79' lang='lat' dir='ltr'><strong>fortasse</strong></span> <span class='ocrx_word' id='word_1_9' title='bbox 1233 261 1288 301; x_wconf 88' lang='lat' dir='ltr'><strong>nil</strong></span> <span class='ocrx_word' id='word_1_10' title='bbox 1328 262 1407 301; x_wconf 82' lang='lat' dir='ltr'><strong>nisi</strong></span> <span class='ocrx_word' id='word_1_11' title='bbox 1447 273 1557 302; x_wconf 84' lang='lat' dir='ltr'><strong>mera</strong></span> <span class='ocrx_word' id='word_1_12' title='bbox 1595 262 1687 315; x_wconf 74' lang='lat' dir='ltr'><strong>ejus</strong></span> <span class='ocrx_word' id='word_1_13' title='bbox 1724 246 1730 252; x_wconf 15' lang='lat' dir='ltr'>x</span> 
     </span>
     <span class='ocr_line' id='line_1_3' title="bbox 43 326 241 364; baseline 0.01 -3"><span class='ocrx_word' id='word_1_14' title='bbox 43 326 241 364; x_wconf 85' lang='lat' dir='ltr'><strong>varietas!</strong></span> 
     </span>
    </p>

    <p class='ocr_par' dir='ltr' id='par_1_3' title="bbox 661 390 1058 499">
     <span class='ocr_line' id='line_1_4' title="bbox 661 390 1058 432; baseline 0 -1"><span class='ocrx_word' id='word_1_15' title='bbox 661 390 1058 432; x_wconf 79' lang='lat' dir='ltr'><strong>Primulaceae.</strong></span> 
     </span>
     <span class='ocr_line' id='line_1_5' title="bbox 756 455 963 499; baseline 0.005 -2"><span class='ocrx_word' id='word_1_16' title='bbox 756 455 963 499; x_wconf 70' lang='lat' dir='ltr'><strong>Primum.</strong></span> 
     </span>
    </p>

    <p class='ocr_par' dir='ltr' id='par_1_4' title="bbox 156 523 678 577">
     <span class='ocr_line' id='line_1_6' title="bbox 156 523 678 577; baseline -0.008 -9"><span class='ocrx_word' id='word_1_17' title='bbox 156 529 249 568; x_wconf 83' lang='lat'>65⁰.</span> <span class='ocrx_word' id='word_1_18' title='bbox 310 524 362 565; x_wconf 91' lang='lat' dir='ltr'><strong>P.</strong></span> <span class='ocrx_word' id='word_1_19' title='bbox 393 527 502 564; x_wconf 73' lang='lat' dir='ltr'><strong>veris</strong></span> <span class='ocrx_word' id='word_1_20' title='bbox 531 523 678 577; x_wconf 84' lang='lat' dir='ltr'><strong>chu.</strong></span> 
     </span>
    </p>

    <p class='ocr_par' dir='ltr' id='par_1_5' title="bbox 47 590 1690 712">
     <span class='ocr_line' id='line_1_7' title="bbox 149 590 1690 648; baseline 0.001 -17"><span class='ocrx_word' id='word_1_21' title='bbox 149 591 195 632; x_wconf 89' lang='lat' dir='ltr'><strong>ln</strong></span> <span class='ocrx_word' id='word_1_22' title='bbox 235 593 440 648; x_wconf 80' lang='lat' dir='ltr'><strong>glareosis</strong></span> <span class='ocrx_word' id='word_1_23' title='bbox 479 591 628 631; x_wconf 91' lang='lat' dir='ltr'><strong>montis</strong></span> <span class='ocrx_word' id='word_1_24' title='bbox 658 590 834 631; x_wconf 83' lang='lat' dir='ltr'><strong>calcarei</strong></span> <span class='ocrx_word' id='word_1_25' title='bbox 864 591 974 631; x_wconf 87' lang='lat' dir='ltr'><strong>Pena</strong></span> <span class='ocrx_word' id='word_1_26' title='bbox 1005 592 1195 645; x_wconf 82' lang='lat' dir='ltr'><strong>Gorveya</strong></span> <span class='ocrx_word' id='word_1_27' title='bbox 1226 593 1266 632; x_wconf 90' lang='lat' dir='ltr'><strong>in</strong></span> <span class='ocrx_word' id='word_1_28' title='bbox 1298 592 1504 632; x_wconf 77' lang='lat' dir='ltr'><strong>consortio</strong></span> <span class='ocrx_word' id='word_1_29' title='bbox 1534 593 1690 645; x_wconf 86' lang='lat' dir='ltr'><strong>speciei</strong></span> 
     </span>
     <span class='ocr_line' id='line_1_8' title="bbox 47 656 1036 712; baseline 0 -15"><span class='ocrx_word' id='word_1_30' title='bbox 47 660 274 710; x_wconf 82' lang='lat' dir='ltr'><strong>sequentis</strong></span> <span class='ocrx_word' id='word_1_31' title='bbox 305 659 379 699; x_wconf 81' lang='lat' dir='ltr'><strong>sed</strong></span> <span class='ocrx_word' id='word_1_32' title='bbox 408 657 536 699; x_wconf 78' lang='lat' dir='ltr'><strong>adbuc</strong></span> <span class='ocrx_word' id='word_1_33' title='bbox 566 658 706 697; x_wconf 84' lang='lat' dir='ltr'><strong>rarior.</strong></span> <span class='ocrx_word' id='word_1_34' title='bbox 739 656 849 712; x_wconf 84' lang='lat' dir='ltr'><strong>Majo</strong></span> <span class='ocrx_word' id='word_1_35' title='bbox 881 671 915 697; x_wconf 85' lang='lat' dir='ltr'><strong>e.</strong></span> <span class='ocrx_word' id='word_1_36' title='bbox 948 656 1036 697; x_wconf 84' lang='lat' dir='ltr'><strong>flor.</strong></span> 
     </span>
    </p>

    <p class='ocr_par' dir='ltr' id='par_1_6' title="bbox 43 711 1691 831">
     <span class='ocr_line' id='line_1_9' title="bbox 154 711 1691 767; baseline 0.001 -1"><span class='ocrx_word' id='word_1_37' title='bbox 154 727 247 766; x_wconf 81' lang='lat'><strong>651</strong></span> <span class='ocrx_word' id='word_1_38' title='bbox 309 725 359 764; x_wconf 92' lang='grc' dir='ltr'>Ρ</span> <span class='ocrx_word' id='word_1_39' title='bbox 391 727 636 764; x_wconf 76' lang='lat' dir='ltr'><em>suaveolens</em></span> <span class='ocrx_word' id='word_1_40' title='bbox 664 723 860 763; x_wconf 88' lang='lat' dir='ltr'><strong>Bertol.</strong></span> <span class='ocrx_word' id='word_1_41' title='bbox 895 722 1034 766; x_wconf 85' lang='lat' dir='ltr'><strong>Iehm</strong></span> <span class='ocrx_word' id='word_1_42' title='bbox 1065 711 1186 764; x_wconf 88' lang='lat' dir='ltr'><strong>Prim.</strong></span> <span class='ocrx_word' id='word_1_43' title='bbox 1222 727 1249 764; x_wconf 89' lang='lat' dir='ltr'><strong>t.</strong></span> <span class='ocrx_word' id='word_1_44' title='bbox 1278 725 1449 767; x_wconf 83' lang='grc' dir='ltr'><strong>1.--ΡΙ</strong></span> <span class='ocrx_word' id='word_1_45' title='bbox 1482 739 1569 766; x_wconf 83' lang='lat' dir='ltr'><strong>exs.</strong></span> <span class='ocrx_word' id='word_1_46' title='bbox 1599 726 1691 767; x_wconf 87' lang='lat' dir='ltr'><strong>coll</strong></span> 
     </span>
     <span class='ocr_line' id='line_1_10' title="bbox 43 802 203 831; baseline 0.027 -4"><span class='ocrx_word' id='word_1_47' title='bbox 43 802 132 830; x_wconf 87' lang='lat' dir='ltr'><strong>ven.</strong></span> <span class='ocrx_word' id='word_1_48' title='bbox 165 804 203 831; x_wconf 90' lang='grc' dir='ltr'><strong>ιι.</strong></span> 
     </span>
    </p>

    <p class='ocr_par' dir='ltr' id='par_1_7' title="bbox 44 858 1695 1252">
     <span class='ocr_line' id='line_1_11' title="bbox 159 858 1693 914; baseline 0.001 -16"><span class='ocrx_word' id='word_1_49' title='bbox 159 859 203 898; x_wconf 91' lang='lat' dir='ltr'><strong>ln</strong></span> <span class='ocrx_word' id='word_1_50' title='bbox 249 858 410 898; x_wconf 81' lang='lat' dir='ltr'><strong>fissuris</strong></span> <span class='ocrx_word' id='word_1_51' title='bbox 435 860 594 913; x_wconf 88' lang='lat' dir='ltr'><strong>rupium</strong></span> <span class='ocrx_word' id='word_1_52' title='bbox 626 859 847 912; x_wconf 81' lang='lat' dir='ltr'><strong>praecipue</strong></span> <span class='ocrx_word' id='word_1_53' title='bbox 877 859 1151 899; x_wconf 84' lang='lat' dir='ltr'><strong>calcarearum</strong></span> <span class='ocrx_word' id='word_1_54' title='bbox 1183 859 1468 914; x_wconf 84' lang='lat' dir='ltr'><strong>glareosisque</strong></span> <span class='ocrx_word' id='word_1_55' title='bbox 1498 860 1693 900; x_wconf 88' lang='lat' dir='ltr'><strong>montium</strong></span> 
     </span>
     <span class='ocr_line' id='line_1_12' title="bbox 46 926 1695 980; baseline 0.001 -16"><span class='ocrx_word' id='word_1_56' title='bbox 46 926 366 966; x_wconf 86' lang='lat' dir='ltr'><strong>cantabricorum</strong></span> <span class='ocrx_word' id='word_1_57' title='bbox 399 930 440 966; x_wconf 86' lang='lat' dir='ltr'><strong>et</strong></span> <span class='ocrx_word' id='word_1_58' title='bbox 467 927 789 980; x_wconf 86' lang='lat' dir='ltr'><strong>Pyrenaeorum:</strong></span> <span class='ocrx_word' id='word_1_59' title='bbox 830 927 870 965; x_wconf 92' lang='lat' dir='ltr'><strong>in</strong></span> <span class='ocrx_word' id='word_1_60' title='bbox 912 930 1048 965; x_wconf 82' lang='lat' dir='ltr'><strong>monte</strong></span> <span class='ocrx_word' id='word_1_61' title='bbox 1080 927 1191 965; x_wconf 76' lang='lat' dir='ltr'><strong>Pena</strong></span> <span class='ocrx_word' id='word_1_62' title='bbox 1224 926 1436 979; x_wconf 83' lang='lat' dir='ltr'><strong>Gorveya,</strong></span> <span class='ocrx_word' id='word_1_63' title='bbox 1475 927 1695 980; x_wconf 79' lang='lat' dir='ltr'><strong>praecipue</strong></span> 
     </span>
     <span class='ocr_line' id='line_1_13' title="bbox 45 993 1694 1049; baseline 0.001 -18"><span class='ocrx_word' id='word_1_64' title='bbox 45 994 84 1032; x_wconf 86' lang='lat' dir='ltr'><strong>in</strong></span> <span class='ocrx_word' id='word_1_65' title='bbox 116 994 300 1049; x_wconf 83' lang='lat' dir='ltr'><strong>margine</strong></span> <span class='ocrx_word' id='word_1_66' title='bbox 329 994 541 1046; x_wconf 85' lang='lat' dir='ltr'><strong>superiore</strong></span> <span class='ocrx_word' id='word_1_67' title='bbox 573 994 730 1046; x_wconf 87' lang='lat' dir='ltr'><strong>rupium</strong></span> <span class='ocrx_word' id='word_1_68' title='bbox 763 993 1012 1032; x_wconf 87' lang='lat' dir='ltr'><strong>verticalium</strong></span> <span class='ocrx_word' id='word_1_69' title='bbox 1047 995 1242 1032; x_wconf 58' lang='lat' dir='ltr'><strong>orientem</strong></span> <span class='ocrx_word' id='word_1_70' title='bbox 1263 1006 1406 1033; x_wconf 86' lang='lat' dir='ltr'><strong>versus</strong></span> <span class='ocrx_word' id='word_1_71' title='bbox 1423 993 1694 1047; x_wconf 80' lang='lat' dir='ltr'><strong>spectantium</strong></span> 
     </span>
     <span class='ocr_line' id='line_1_14' title="bbox 44 1059 1695 1114; baseline 0 -15"><span class='ocrx_word' id='word_1_72' title='bbox 44 1061 196 1109; x_wconf 80' lang='lat' dir='ltr'><strong>rarius3</strong></span> <span class='ocrx_word' id='word_1_73' title='bbox 238 1062 287 1100; x_wconf 68' lang='lat' dir='ltr'><strong>in&#39;</strong></span> <span class='ocrx_word' id='word_1_74' title='bbox 322 1061 524 1114; x_wconf 80' lang='lat' dir='ltr'><strong>glareosis</strong></span> <span class='ocrx_word' id='word_1_75' title='bbox 562 1061 712 1099; x_wconf 85' lang='lat' dir='ltr'><strong>montis</strong></span> <span class='ocrx_word' id='word_1_76' title='bbox 744 1060 854 1099; x_wconf 90' lang='lat' dir='ltr'><strong>Pena</strong></span> <span class='ocrx_word' id='word_1_77' title='bbox 895 1059 943 1099; x_wconf 80' lang='lat' dir='ltr'><strong>de</strong></span> <span class='ocrx_word' id='word_1_78' title='bbox 976 1061 1093 1099; x_wconf 67' lang='lat' dir='ltr'><strong>Oroel</strong></span> <span class='ocrx_word' id='word_1_79' title='bbox 1136 1060 1185 1100; x_wconf 84' lang='lat' dir='ltr'><strong>ad</strong></span> <span class='ocrx_word' id='word_1_80' title='bbox 1216 1061 1284 1099; x_wconf 83' lang='lat' dir='ltr'><strong>alt.</strong></span> <span class='ocrx_word' id='word_1_81' title='bbox 1317 1060 1623 1109; x_wconf 82' lang='lat' dir='ltr'><strong>4500—5ooo‘‚</strong></span> <span class='ocrx_word' id='word_1_82' title='bbox 1653 1061 1695 1099; x_wconf 88' lang='lat' dir='ltr'><strong>in</strong></span> 
     </span>
     <span class='ocr_line' id='line_1_15' title="bbox 46 1125 1694 1181; baseline 0.001 -16"><span class='ocrx_word' id='word_1_83' title='bbox 46 1127 153 1166; x_wconf 86' lang='lat' dir='ltr'><strong>valle</strong></span> <span class='ocrx_word' id='word_1_84' title='bbox 183 1127 321 1180; x_wconf 87' lang='lat' dir='ltr'><strong>alpina</strong></span> <span class='ocrx_word' id='word_1_85' title='bbox 353 1127 464 1167; x_wconf 88' lang='lat' dir='ltr'><strong>fluvii</strong></span> <span class='ocrx_word' id='word_1_86' title='bbox 497 1128 656 1181; x_wconf 87' lang='lat' dir='ltr'><strong>Aragon</strong></span> <span class='ocrx_word' id='word_1_87' title='bbox 688 1126 982 1179; x_wconf 83' lang='lat' dir='ltr'><strong>valleculisque</strong></span> <span class='ocrx_word' id='word_1_88' title='bbox 1018 1128 1162 1166; x_wconf 85' lang='lat' dir='ltr'><strong>vicinis</strong></span> <span class='ocrx_word' id='word_1_89' title='bbox 1191 1126 1239 1166; x_wconf 84' lang='lat' dir='ltr'><strong>ad</strong></span> <span class='ocrx_word' id='word_1_90' title='bbox 1271 1128 1339 1166; x_wconf 82' lang='lat' dir='ltr'><strong>alt.</strong></span> <span class='ocrx_word' id='word_1_91' title='bbox 1373 1130 1512 1169; x_wconf 52' lang='lat'><strong>5000&amp;</strong></span> <span class='ocrx_word' id='word_1_92' title='bbox 1569 1125 1694 1181; x_wconf 70' lang='lat' dir='ltr'><strong>Mnjo,</strong></span> 
     </span>
     <span class='ocr_line' id='line_1_16' title="bbox 44 1194 983 1252; baseline -0.002 -19"><span class='ocrx_word' id='word_1_93' title='bbox 44 1194 168 1234; x_wconf 82' lang='lat' dir='ltr'><strong>Junio</strong></span> <span class='ocrx_word' id='word_1_94' title='bbox 200 1208 230 1235; x_wconf 89' lang='lat' dir='ltr'><strong>c.</strong></span> <span class='ocrx_word' id='word_1_95' title='bbox 263 1194 347 1233; x_wconf 89' lang='lat' dir='ltr'><strong>flor.</strong></span> <span class='ocrx_word' id='word_1_96' title='bbox 822 1204 826 1205; x_wconf 50' lang='lat'><em>⁷</em></span> <span class='ocrx_word' id='word_1_97' title='bbox 978 1247 983 1252; x_wconf 85' lang='lat'><strong>.</strong></span> 
     </span>
    </p>

    <p class='ocr_par' dir='ltr' id='par_1_8' title="bbox 45 1260 1701 1569">
     <span class='ocr_line' id='line_1_17' title="bbox 158 1260 1697 1312; baseline 0.002 -13"><span class='ocrx_word' id='word_1_98' title='bbox 158 1262 252 1300; x_wconf 70' lang='grc' dir='ltr'><strong><em>θῦε.</em></strong></span> <span class='ocrx_word' id='word_1_99' title='bbox 313 1261 431 1300; x_wconf 89' lang='lat' dir='ltr'><strong>Folia</strong></span> <span class='ocrx_word' id='word_1_100' title='bbox 474 1264 709 1301; x_wconf 82' lang='lat' dir='ltr'><strong>constanter</strong></span> <span class='ocrx_word' id='word_1_101' title='bbox 740 1260 904 1301; x_wconf 90' lang='lat' dir='ltr'><strong>cordata</strong></span> <span class='ocrx_word' id='word_1_102' title='bbox 935 1266 976 1300; x_wconf 84' lang='lat' dir='ltr'><strong>et</strong></span> <span class='ocrx_word' id='word_1_103' title='bbox 1007 1260 1150 1300; x_wconf 74' lang='lat' dir='ltr'><strong>subtus</strong></span> <span class='ocrx_word' id='word_1_104' title='bbox 1174 1262 1592 1312; x_wconf 84' lang='lat' dir='ltr'><strong>niveo-tomentosa,</strong></span> <span class='ocrx_word' id='word_1_105' title='bbox 1632 1275 1697 1302; x_wconf 86' lang='lat' dir='ltr'><strong>ca-</strong></span> 
     </span>
     <span class='ocr_line' id='line_1_18' title="bbox 45 1328 1698 1382; baseline 0.001 -15"><span class='ocrx_word' id='word_1_106' title='bbox 45 1329 111 1380; x_wconf 87' lang='lat' dir='ltr'><strong>lyx</strong></span> <span class='ocrx_word' id='word_1_107' title='bbox 159 1329 308 1368; x_wconf 82' lang='lat' dir='ltr'><strong>eximie</strong></span> <span class='ocrx_word' id='word_1_108' title='bbox 354 1328 542 1375; x_wconf 86' lang='lat' dir='ltr'><strong>inflatus,</strong></span> <span class='ocrx_word' id='word_1_109' title='bbox 600 1328 751 1367; x_wconf 89' lang='lat' dir='ltr'><strong>corolla</strong></span> <span class='ocrx_word' id='word_1_110' title='bbox 791 1328 917 1368; x_wconf 91' lang='lat' dir='ltr'><strong>multo</strong></span> <span class='ocrx_word' id='word_1_111' title='bbox 960 1330 1087 1382; x_wconf 86' lang='lat' dir='ltr'><strong>major</strong></span> <span class='ocrx_word' id='word_1_112' title='bbox 1125 1331 1246 1381; x_wconf 86' lang='lat' dir='ltr'><strong>atque</strong></span> <span class='ocrx_word' id='word_1_113' title='bbox 1277 1329 1555 1368; x_wconf 82' lang='lat' dir='ltr'><strong>exsiccatione</strong></span> <span class='ocrx_word' id='word_1_114' title='bbox 1597 1340 1698 1368; x_wconf 87' lang='lat' dir='ltr'><strong>nun·</strong></span> 
     </span>
     <span class='ocr_line' id='line_1_19' title="bbox 51 1393 1696 1448; baseline 0 -14"><span class='ocrx_word' id='word_1_115' title='bbox 51 1408 166 1448; x_wconf 87' lang='lat' dir='ltr'><strong>quam</strong></span> <span class='ocrx_word' id='word_1_116' title='bbox 200 1396 409 1435; x_wconf 85' lang='lat' dir='ltr'><strong>virescens</strong></span> <span class='ocrx_word' id='word_1_117' title='bbox 441 1396 636 1448; x_wconf 86' lang='lat' dir='ltr'><strong>impedire</strong></span> <span class='ocrx_word' id='word_1_118' title='bbox 668 1394 765 1434; x_wconf 90' lang='lat' dir='ltr'><strong>mihi</strong></span> <span class='ocrx_word' id='word_1_119' title='bbox 798 1394 998 1443; x_wconf 78' lang='lat' dir='ltr'><strong>videntur,</strong></span> <span class='ocrx_word' id='word_1_120' title='bbox 1032 1396 1126 1447; x_wconf 86' lang='lat' dir='ltr'><strong>quin</strong></span> <span class='ocrx_word' id='word_1_121' title='bbox 1159 1394 1259 1433; x_wconf 86' lang='lat' dir='ltr'><strong>haec</strong></span> <span class='ocrx_word' id='word_1_122' title='bbox 1291 1395 1429 1447; x_wconf 85' lang='lat' dir='ltr'><strong>planta</strong></span> <span class='ocrx_word' id='word_1_123' title='bbox 1460 1393 1585 1434; x_wconf 84' lang='lat' dir='ltr'><strong>odore</strong></span> <span class='ocrx_word' id='word_1_124' title='bbox 1605 1407 1696 1434; x_wconf 87' lang='lat' dir='ltr'><strong>sua-</strong></span> 
     </span>
     <span class='ocr_line' id='line_1_20' title="bbox 56 1460 1701 1516; baseline 0.002 -16"><span class='ocrx_word' id='word_1_125' title='bbox 56 1463 224 1501; x_wconf 88' lang='lat' dir='ltr'><strong>vissimo</strong></span> <span class='ocrx_word' id='word_1_126' title='bbox 258 1462 441 1515; x_wconf 76' lang='lat' dir='ltr'><strong>praedita</strong></span> <span class='ocrx_word' id='word_1_127' title='bbox 472 1475 560 1502; x_wconf 88' lang='lat' dir='ltr'><strong>cum</strong></span> <span class='ocrx_word' id='word_1_128' title='bbox 595 1461 644 1500; x_wconf 84' lang='lat' dir='ltr'><strong>P.</strong></span> <span class='ocrx_word' id='word_1_129' title='bbox 679 1464 789 1500; x_wconf 69' lang='lat' dir='ltr'><strong>veria</strong></span> <span class='ocrx_word' id='word_1_130' title='bbox 817 1462 1009 1516; x_wconf 65' lang='lat' dir='ltr'><strong>conjungi</strong></span> <span class='ocrx_word' id='word_1_131' title='bbox 1042 1462 1185 1513; x_wconf 84' lang='lat' dir='ltr'><strong>possit.</strong></span> <span class='ocrx_word' id='word_1_132' title='bbox 1235 1460 1406 1502; x_wconf 84' lang='lat' dir='ltr'><strong>Formas</strong></span> <span class='ocrx_word' id='word_1_133' title='bbox 1436 1461 1701 1505; x_wconf 85' lang='lat' dir='ltr'><strong>intermedias</strong></span> 
     </span>
     <span class='ocr_line' id='line_1_21' title="bbox 51 1529 255 1569; baseline 0.01 -2"><span class='ocrx_word' id='word_1_134' title='bbox 51 1542 130 1568; x_wconf 89' lang='lat' dir='ltr'><strong>non</strong></span> <span class='ocrx_word' id='word_1_135' title='bbox 161 1529 255 1569; x_wconf 85' lang='lat' dir='ltr'><strong>vidi.</strong></span> 
     </span>
    </p>

    <p class='ocr_par' dir='ltr' id='par_1_9' title="bbox 150 1593 704 1651">
     <span class='ocr_line' id='line_1_22' title="bbox 150 1593 704 1651; baseline 0 -14"><span class='ocrx_word' id='word_1_136' title='bbox 150 1598 245 1637; x_wconf 82' lang='lat'><strong>652.</strong></span> <span class='ocrx_word' id='word_1_137' title='bbox 308 1593 357 1644; x_wconf 83' lang='lat' dir='ltr'><strong>P.</strong></span> <span class='ocrx_word' id='word_1_138' title='bbox 388 1599 535 1636; x_wconf 80' lang='lat' dir='ltr'><strong>elatior</strong></span> <span class='ocrx_word' id='word_1_139' title='bbox 560 1597 583 1637; x_wconf 82' lang='lat' dir='ltr'>J</span> <span class='ocrx_word' id='word_1_140' title='bbox 600 1610 704 1651; x_wconf 83' lang='lat' dir='ltr'><strong>equ.</strong></span> 
     </span>
    </p>

    <p class='ocr_par' dir='ltr' id='par_1_10' title="bbox 47 1662 1693 1784">
     <span class='ocr_line' id='line_1_23' title="bbox 162 1662 1693 1719; baseline 0.003 -17"><span class='ocrx_word' id='word_1_141' title='bbox 162 1662 346 1702; x_wconf 85' lang='lat' dir='ltr'><strong>Abundat</strong></span> <span class='ocrx_word' id='word_1_142' title='bbox 385 1664 425 1702; x_wconf 89' lang='lat' dir='ltr'><strong>in</strong></span> <span class='ocrx_word' id='word_1_143' title='bbox 468 1665 633 1717; x_wconf 82' lang='lat' dir='ltr'><strong>pascuis</strong></span> <span class='ocrx_word' id='word_1_144' title='bbox 664 1665 814 1717; x_wconf 77' lang='lat' dir='ltr'><strong>alpinis</strong></span> <span class='ocrx_word' id='word_1_145' title='bbox 845 1664 1145 1716; x_wconf 84' lang='lat' dir='ltr'><strong>Pyrenaeorum</strong></span> <span class='ocrx_word' id='word_1_146' title='bbox 1177 1665 1409 1719; x_wconf 86' lang='lat' dir='ltr'><strong>Aragoniae</strong></span> <span class='ocrx_word' id='word_1_147' title='bbox 1437 1664 1533 1705; x_wconf 81' lang='lat' dir='ltr'><strong>inde</strong></span> <span class='ocrx_word' id='word_1_148' title='bbox 1563 1678 1587 1705; x_wconf 88' lang='lat' dir='ltr'><strong>a</strong></span> <span class='ocrx_word' id='word_1_149' title='bbox 1616 1669 1693 1707; x_wconf 83' lang='lat'><strong>5-</strong></span> 
     </span>
     <span class='ocr_line' id='line_1_24' title="bbox 47 1728 1611 1784; baseline 0.003 -16"><span class='ocrx_word' id='word_1_150' title='bbox 47 1730 187 1778; x_wconf 81' lang='lat'><strong>6000‘,</strong></span> <span class='ocrx_word' id='word_1_151' title='bbox 218 1728 490 1783; x_wconf 82' lang='lat' dir='ltr'><strong>pulcherrime</strong></span> <span class='ocrx_word' id='word_1_152' title='bbox 520 1734 561 1769; x_wconf 88' lang='lat' dir='ltr'><strong>et</strong></span> <span class='ocrx_word' id='word_1_153' title='bbox 591 1732 878 1784; x_wconf 85' lang='lat' dir='ltr'><strong>copiosissime</strong></span> <span class='ocrx_word' id='word_1_154' title='bbox 908 1731 949 1770; x_wconf 86' lang='lat' dir='ltr'><strong>in</strong></span> <span class='ocrx_word' id='word_1_155' title='bbox 979 1731 1053 1770; x_wconf 89' lang='lat' dir='ltr'><strong>Val</strong></span> <span class='ocrx_word' id='word_1_156' title='bbox 1085 1730 1135 1770; x_wconf 88' lang='lat' dir='ltr'><strong>de</strong></span> <span class='ocrx_word' id='word_1_157' title='bbox 1165 1729 1270 1770; x_wconf 85' lang='lat' dir='ltr'><strong>Izas.</strong></span> <span class='ocrx_word' id='word_1_158' title='bbox 1302 1731 1428 1771; x_wconf 83' lang='lat' dir='ltr'><strong>Junio</strong></span> <span class='ocrx_word' id='word_1_159' title='bbox 1459 1746 1492 1771; x_wconf 88' lang='lat' dir='ltr'><strong>c.</strong></span> <span class='ocrx_word' id='word_1_160' title='bbox 1523 1731 1611 1772; x_wconf 89' lang='lat' dir='ltr'><strong>flor.</strong></span> 
     </span>
    </p>

    <p class='ocr_par' dir='ltr' id='par_1_11' title="bbox 49 1795 1697 1913">
     <span class='ocr_line' id='line_1_25' title="bbox 159 1795 1697 1855; baseline 0.003 -19"><span class='ocrx_word' id='word_1_161' title='bbox 159 1797 252 1837; x_wconf 81' lang='lat'><strong>653.</strong></span> <span class='ocrx_word' id='word_1_162' title='bbox 314 1795 365 1837; x_wconf 87' lang='lat' dir='ltr'><strong>P.</strong></span> <span class='ocrx_word' id='word_1_163' title='bbox 397 1799 559 1836; x_wconf 61' lang='lat' dir='ltr'><strong>acaulia</strong></span> <span class='ocrx_word' id='word_1_164' title='bbox 590 1797 734 1850; x_wconf 89' lang='lat' dir='ltr'><strong>chu.</strong></span> <span class='ocrx_word' id='word_1_165' title='bbox 766 1818 819 1824; x_wconf 69' lang='lat'>—</span> <span class='ocrx_word' id='word_1_166' title='bbox 849 1797 908 1836; x_wconf 90' lang='lat' dir='ltr'><strong>Pl.</strong></span> <span class='ocrx_word' id='word_1_167' title='bbox 942 1811 1024 1837; x_wconf 83' lang='lat' dir='ltr'><strong>exs.</strong></span> <span class='ocrx_word' id='word_1_168' title='bbox 1059 1797 1147 1836; x_wconf 86' lang='lat' dir='ltr'><strong>coil.</strong></span> <span class='ocrx_word' id='word_1_169' title='bbox 1183 1810 1272 1837; x_wconf 86' lang='lat' dir='ltr'><strong>ven.</strong></span> <span class='ocrx_word' id='word_1_170' title='bbox 1305 1812 1344 1838; x_wconf 85' lang='lat' dir='ltr'><strong>n.</strong></span> <span class='ocrx_word' id='word_1_171' title='bbox 1377 1801 1442 1841; x_wconf 76' lang='lat'><strong>47.</strong></span> <span class='ocrx_word' id='word_1_172' title='bbox 1485 1798 1547 1846; x_wconf 88' lang='lat' dir='ltr'><strong>(P.</strong></span> <span class='ocrx_word' id='word_1_173' title='bbox 1576 1811 1697 1855; x_wconf 84' lang='lat' dir='ltr'><strong>gran-</strong></span> 
     </span>
     <span class='ocr_line' id='line_1_26' title="bbox 49 1860 356 1913; baseline 0.01 -13"><span class='ocrx_word' id='word_1_174' title='bbox 49 1860 192 1901; x_wconf 84' lang='lat' dir='ltr'><strong>diflora</strong></span> <span class='ocrx_word' id='word_1_175' title='bbox 221 1862 356 1913; x_wconf 83' lang='lat' dir='ltr'><strong>Lam.)</strong></span> 
     </span>
    </p>

    <p class='ocr_par' dir='ltr' id='par_1_12' title="bbox 49 1928 1695 2118">
     <span class='ocr_line' id='line_1_27' title="bbox 159 1928 1695 1987; baseline 0.003 -19"><span class='ocrx_word' id='word_1_176' title='bbox 159 1928 217 1968; x_wconf 79' lang='lat' dir='ltr'><strong>Ad</strong></span> <span class='ocrx_word' id='word_1_177' title='bbox 256 1943 404 1984; x_wconf 85' lang='lat' dir='ltr'><strong>sepes,</strong></span> <span class='ocrx_word' id='word_1_178' title='bbox 447 1931 487 1969; x_wconf 91' lang='lat' dir='ltr'><strong>in</strong></span> <span class='ocrx_word' id='word_1_179' title='bbox 528 1932 776 1987; x_wconf 85' lang='lat' dir='ltr'><strong>graminosis</strong></span> <span class='ocrx_word' id='word_1_180' title='bbox 818 1944 944 1984; x_wconf 85' lang='lat' dir='ltr'><strong>prope</strong></span> <span class='ocrx_word' id='word_1_181' title='bbox 976 1930 1084 1971; x_wconf 88' lang='lat' dir='ltr'><strong>Yrun</strong></span> <span class='ocrx_word' id='word_1_182' title='bbox 1123 1935 1163 1970; x_wconf 90' lang='lat' dir='ltr'><strong>et</strong></span> <span class='ocrx_word' id='word_1_183' title='bbox 1204 1932 1300 1971; x_wconf 86' lang='lat' dir='ltr'><strong>alibi</strong></span> <span class='ocrx_word' id='word_1_184' title='bbox 1337 1933 1377 1971; x_wconf 88' lang='lat' dir='ltr'><strong>in</strong></span> <span class='ocrx_word' id='word_1_185' title='bbox 1409 1931 1627 1972; x_wconf 84' lang='lat' dir='ltr'><strong>Cantabria</strong></span> <span class='ocrx_word' id='word_1_186' title='bbox 1653 1934 1695 1973; x_wconf 87' lang='lat' dir='ltr'><strong>in</strong></span> 
     </span>
     <span class='ocr_line' id='line_1_28' title="bbox 49 1996 1694 2055; baseline 0.004 -21"><span class='ocrx_word' id='word_1_187' title='bbox 49 1996 220 2050; x_wconf 85' lang='lat' dir='ltr'><strong>regione</strong></span> <span class='ocrx_word' id='word_1_188' title='bbox 249 1996 418 2036; x_wconf 86' lang='lat' dir='ltr'><strong>littorali</strong></span> <span class='ocrx_word' id='word_1_189' title='bbox 449 2000 490 2037; x_wconf 85' lang='lat' dir='ltr'><strong>et</strong></span> <span class='ocrx_word' id='word_1_190' title='bbox 519 1999 560 2036; x_wconf 93' lang='lat' dir='ltr'><strong>in</strong></span> <span class='ocrx_word' id='word_1_191' title='bbox 592 1998 765 2038; x_wconf 87' lang='lat' dir='ltr'><strong>vallibus</strong></span> <span class='ocrx_word' id='word_1_192' title='bbox 797 2000 992 2038; x_wconf 85' lang='lat' dir='ltr'><strong>montium</strong></span> <span class='ocrx_word' id='word_1_193' title='bbox 1023 2012 1153 2051; x_wconf 82' lang='lat' dir='ltr'><strong>usque</strong></span> <span class='ocrx_word' id='word_1_194' title='bbox 1185 2001 1320 2040; x_wconf 83' lang='lat'><strong>1000‘.</strong></span> <span class='ocrx_word' id='word_1_195' title='bbox 1352 1998 1463 2055; x_wconf 83' lang='lat' dir='ltr'><strong>Majo</strong></span> <span class='ocrx_word' id='word_1_196' title='bbox 1492 1998 1581 2040; x_wconf 88' lang='lat' dir='ltr'><strong>fere</strong></span> <span class='ocrx_word' id='word_1_197' title='bbox 1603 1998 1694 2041; x_wconf 68' lang='lat' dir='ltr'><strong>dest</strong></span> 
     </span>
     <span class='ocr_line' id='line_1_29' title="bbox 49 2061 745 2118; baseline 0.004 -17"><span class='ocrx_word' id='word_1_198' title='bbox 49 2061 182 2102; x_wconf 87' lang='lat' dir='ltr'><strong>medio</strong></span> <span class='ocrx_word' id='word_1_199' title='bbox 213 2062 442 2103; x_wconf 87' lang='lat' dir='ltr'><strong>Decembre</strong></span> <span class='ocrx_word' id='word_1_200' title='bbox 469 2065 551 2118; x_wconf 84' lang='lat' dir='ltr'><strong>jam</strong></span> <span class='ocrx_word' id='word_1_201' title='bbox 582 2063 745 2106; x_wconf 87' lang='lat' dir='ltr'><strong>florens.</strong></span> 
     </span>
    </p>

    <p class='ocr_par' dir='ltr' id='par_1_13' title="bbox 161 2129 1082 2184">
     <span class='ocr_line' id='line_1_30' title="bbox 161 2129 1082 2184; baseline 0.003 -15"><span class='ocrx_word' id='word_1_202' title='bbox 161 2131 252 2171; x_wconf 75' lang='lat'><strong>654.</strong></span> <span class='ocrx_word' id='word_1_203' title='bbox 314 2129 365 2170; x_wconf 90' lang='grc' dir='ltr'><strong>Ρ.</strong></span> <span class='ocrx_word' id='word_1_204' title='bbox 394 2132 543 2170; x_wconf 68' lang='lat' dir='ltr'><strong>villosa</strong></span> <span class='ocrx_word' id='word_1_205' title='bbox 574 2132 723 2184; x_wconf 88' lang='lat' dir='ltr'><strong>chu.</strong></span> <span class='ocrx_word' id='word_1_206' title='bbox 754 2131 918 2172; x_wconf 66' lang='lat' dir='ltr'><strong>Deci.</strong></span> <span class='ocrx_word' id='word_1_207' title='bbox 953 2145 986 2173; x_wconf 84' lang='lat' dir='ltr'><strong>c.</strong></span> <span class='ocrx_word' id='word_1_208' title='bbox 1018 2133 1082 2174; x_wconf 76' lang='lat'><strong>38.</strong></span> 
     </span>
    </p>

    <p class='ocr_par' dir='ltr' id='par_1_14' title="bbox 47 2195 1698 2302">
     <span class='ocr_line' id='line_1_31' title="bbox 159 2195 1698 2253; baseline 0.005 -18"><span class='ocrx_word' id='word_1_209' title='bbox 159 2195 205 2235; x_wconf 89' lang='lat' dir='ltr'><strong>ln</strong></span> <span class='ocrx_word' id='word_1_210' title='bbox 236 2196 462 2249; x_wconf 81' lang='lat' dir='ltr'><strong>Pyrenaeis</strong></span> <span class='ocrx_word' id='word_1_211' title='bbox 488 2198 718 2253; x_wconf 84' lang='lat' dir='ltr'><strong>Aragoniae</strong></span> <span class='ocrx_word' id='word_1_212' title='bbox 749 2211 873 2253; x_wconf 86' lang='lat' dir='ltr'><strong>supra</strong></span> <span class='ocrx_word' id='word_1_213' title='bbox 899 2198 1046 2239; x_wconf 86' lang='lat' dir='ltr'><strong>balnea</strong></span> <span class='ocrx_word' id='word_1_214' title='bbox 1063 2198 1280 2240; x_wconf 87' lang='lat' dir='ltr'><strong>Panticosa</strong></span> <span class='ocrx_word' id='word_1_215' title='bbox 1306 2200 1540 2243; x_wconf 77' lang='lat' dir='ltr'><strong>rarissime!</strong></span> <span class='ocrx_word' id='word_1_216' title='bbox 1571 2200 1698 2244; x_wconf 83' lang='lat' dir='ltr'><strong>Junio</strong></span> 
     </span>
     <span class='ocr_line' id='line_1_32' title="bbox 47 2260 1457 2302; baseline 0.002 -1"><span class='ocrx_word' id='word_1_217' title='bbox 47 2260 139 2302; x_wconf 79' lang='lat' dir='ltr'><strong>defl.</strong></span> <span class='ocrx_word' id='word_1_218' title='bbox 1455 2290 1457 2292; x_wconf 90' lang='lat'><em>-</em></span> 
     </span>
    </p>

    <p class='ocr_par' dir='ltr' id='par_1_15' title="bbox 159 2328 1461 2380">
     <span class='ocr_line' id='line_1_33' title="bbox 159 2328 1461 2380; baseline 0.005 -10"><span class='ocrx_word' id='word_1_219' title='bbox 159 2331 253 2371; x_wconf 87' lang='lat'><strong>655.</strong></span> <span class='ocrx_word' id='word_1_220' title='bbox 313 2328 365 2370; x_wconf 82' lang='lat' dir='ltr'><strong>P.</strong></span> <span class='ocrx_word' id='word_1_221' title='bbox 398 2331 656 2380; x_wconf 74' lang='lat' dir='ltr'><strong>inteyrif&#39;olia</strong></span> <span class='ocrx_word' id='word_1_222' title='bbox 685 2332 728 2372; x_wconf 88' lang='lat' dir='ltr'><strong>L.</strong></span> <span class='ocrx_word' id='word_1_223' title='bbox 761 2355 813 2363; x_wconf 90' lang='lat'><strong>—-</strong></span> <span class='ocrx_word' id='word_1_224' title='bbox 843 2331 1017 2374; x_wconf 74' lang='lat' dir='ltr'><strong>P1.‘exs.</strong></span> <span class='ocrx_word' id='word_1_225' title='bbox 1053 2334 1143 2376; x_wconf 85' lang='lat' dir='ltr'><strong>coll.</strong></span> <span class='ocrx_word' id='word_1_226' title='bbox 1175 2347 1264 2375; x_wconf 88' lang='lat' dir='ltr'><strong>ven.</strong></span> <span class='ocrx_word' id='word_1_227' title='bbox 1297 2348 1334 2375; x_wconf 95' lang='lat' dir='ltr'><strong>n.</strong></span> <span class='ocrx_word' id='word_1_228' title='bbox 1367 2338 1461 2377; x_wconf 83' lang='lat'><strong>340.</strong></span> 
     </span>
    </p>

    <p class='ocr_par' dir='ltr' id='par_1_16' title="bbox 45 2396 1699 2645">
     <span class='ocr_line' id='line_1_34' title="bbox 158 2396 1697 2458; baseline 0.006 -23"><span class='ocrx_word' id='word_1_229' title='bbox 158 2396 203 2434; x_wconf 87' lang='lat' dir='ltr'><strong>ln</strong></span> <span class='ocrx_word' id='word_1_230' title='bbox 235 2396 462 2450; x_wconf 88' lang='lat' dir='ltr'><strong>Pyrenaeis</strong></span> <span class='ocrx_word' id='word_1_231' title='bbox 496 2399 723 2452; x_wconf 80' lang='lat' dir='ltr'><strong>Aragoniae</strong></span> <span class='ocrx_word' id='word_1_232' title='bbox 766 2401 804 2439; x_wconf 89' lang='lat' dir='ltr'><strong>in</strong></span> <span class='ocrx_word' id='word_1_233' title='bbox 845 2400 1046 2454; x_wconf 85' lang='lat' dir='ltr'><strong>glareosis</strong></span> <span class='ocrx_word' id='word_1_234' title='bbox 1088 2400 1262 2442; x_wconf 85' lang='lat' dir='ltr'><strong>humidis</strong></span> <span class='ocrx_word' id='word_1_235' title='bbox 1300 2404 1483 2458; x_wconf 84' lang='lat' dir='ltr'><strong>regionis</strong></span> <span class='ocrx_word' id='word_1_236' title='bbox 1513 2403 1697 2458; x_wconf 83' lang='lat' dir='ltr'><strong>alpinae:</strong></span> 
     </span>
     <span class='ocr_line' id='line_1_35' title="bbox 47 2460 1698 2521; baseline 0.007 -22"><span class='ocrx_word' id='word_1_237' title='bbox 47 2460 97 2500; x_wconf 86' lang='lat' dir='ltr'><strong>ad</strong></span> <span class='ocrx_word' id='word_1_238' title='bbox 136 2461 296 2502; x_wconf 82' lang='lat' dir='ltr'><strong>radices</strong></span> <span class='ocrx_word' id='word_1_239' title='bbox 326 2464 476 2503; x_wconf 86' lang='lat' dir='ltr'><strong>Puerto</strong></span> <span class='ocrx_word' id='word_1_240' title='bbox 517 2465 567 2504; x_wconf 90' lang='lat' dir='ltr'><strong>de</strong></span> <span class='ocrx_word' id='word_1_241' title='bbox 605 2465 720 2516; x_wconf 83' lang='lat' dir='ltr'><strong>Izas,</strong></span> <span class='ocrx_word' id='word_1_242' title='bbox 757 2467 905 2513; x_wconf 81' lang='lat'>6000¹;</span> <span class='ocrx_word' id='word_1_243' title='bbox 947 2467 997 2507; x_wconf 81' lang='lat' dir='ltr'><strong>ad</strong></span> <span class='ocrx_word' id='word_1_244' title='bbox 1036 2467 1179 2521; x_wconf 85' lang='lat' dir='ltr'><strong>pedem</strong></span> <span class='ocrx_word' id='word_1_245' title='bbox 1220 2470 1443 2509; x_wconf 83' lang='lat' dir='ltr'><strong>cacuminis</strong></span> <span class='ocrx_word' id='word_1_246' title='bbox 1479 2469 1612 2510; x_wconf 87' lang='lat' dir='ltr'><strong>Punta</strong></span> <span class='ocrx_word' id='word_1_247' title='bbox 1647 2470 1698 2510; x_wconf 76' lang='lat' dir='ltr'><strong>(le</strong></span> 
     </span>
     <span class='ocr_line' id='line_1_36' title="bbox 49 2526 1699 2591; baseline 0.007 -23"><span class='ocrx_word' id='word_1_248' title='bbox 49 2526 307 2569; x_wconf 86' lang='lat' dir='ltr'><strong>Machimana</strong></span> <span class='ocrx_word' id='word_1_249' title='bbox 325 2543 450 2586; x_wconf 88' lang='lat' dir='ltr'><strong>supra</strong></span> <span class='ocrx_word' id='word_1_250' title='bbox 479 2533 627 2577; x_wconf 81' lang='lat' dir='ltr'><strong>balnea</strong></span> <span class='ocrx_word' id='word_1_251' title='bbox 642 2533 861 2573; x_wconf 86' lang='lat' dir='ltr'><strong>Panticosa</strong></span> <span class='ocrx_word' id='word_1_252' title='bbox 893 2533 942 2573; x_wconf 89' lang='lat' dir='ltr'><strong>ad</strong></span> <span class='ocrx_word' id='word_1_253' title='bbox 974 2536 1106 2575; x_wconf 84' lang='lat' dir='ltr'><strong>nivern</strong></span> <span class='ocrx_word' id='word_1_254' title='bbox 1140 2536 1504 2591; x_wconf 82' lang='lat' dir='ltr'><strong>deliquescentem‚</strong></span> <span class='ocrx_word' id='word_1_255' title='bbox 1533 2539 1699 2580; x_wconf 83' lang='lat'><strong>6800-—</strong></span> 
     </span>
     <span class='ocr_line' id='line_1_37' title="bbox 45 2591 1257 2645; baseline -0.002 -10"><span class='ocrx_word' id='word_1_256' title='bbox 45 2596 184 2635; x_wconf 76' lang='lat'><strong>7500‘.</strong></span> <span class='ocrx_word' id='word_1_257' title='bbox 219 2596 342 2635; x_wconf 90' lang='lat' dir='ltr'><strong>Junio</strong></span> <span class='ocrx_word' id='word_1_258' title='bbox 376 2605 409 2633; x_wconf 80' lang='lat' dir='ltr'><strong>e.</strong></span> <span class='ocrx_word' id='word_1_259' title='bbox 440 2591 526 2636; x_wconf 88' lang='lat' dir='ltr'><strong>flor.</strong></span> <span class='ocrx_word' id='word_1_260' title='bbox 1255 2643 1257 2645; x_wconf 17' lang='grc' dir='ltr'><strong><em>ι</em></strong></span> 
     </span>
    </p>

    <p class='ocr_par' dir='ltr' id='par_1_17' title="bbox 161 2661 1409 2714">
     <span class='ocr_line' id='line_1_38' title="bbox 161 2661 1409 2714; baseline 0.007 -10"><span class='ocrx_word' id='word_1_261' title='bbox 161 2665 255 2704; x_wconf 82' lang='grc'><strong>656.</strong></span> <span class='ocrx_word' id='word_1_262' title='bbox 315 2661 365 2702; x_wconf 92' lang='grc' dir='ltr'><strong>Ρ.</strong></span> <span class='ocrx_word' id='word_1_263' title='bbox 397 2663 596 2712; x_wconf 70' lang='lat' dir='ltr'><strong>farine-sa</strong></span> <span class='ocrx_word' id='word_1_264' title='bbox 627 2666 669 2707; x_wconf 77' lang='lat'><strong>11.</strong></span> <span class='ocrx_word' id='word_1_265' title='bbox 703 2688 750 2695; x_wconf 83' lang='lat'><strong>-—</strong></span> <span class='ocrx_word' id='word_1_266' title='bbox 786 2668 844 2708; x_wconf 91' lang='lat' dir='ltr'><strong>Pl.</strong></span> <span class='ocrx_word' id='word_1_267' title='bbox 878 2682 963 2710; x_wconf 84' lang='lat' dir='ltr'><strong>exs.</strong></span> <span class='ocrx_word' id='word_1_268' title='bbox 997 2671 1087 2710; x_wconf 89' lang='lat' dir='ltr'><strong>coll.</strong></span> <span class='ocrx_word' id='word_1_269' title='bbox 1121 2684 1212 2712; x_wconf 89' lang='lat' dir='ltr'><strong>ven.</strong></span> <span class='ocrx_word' id='word_1_270' title='bbox 1245 2685 1283 2711; x_wconf 89' lang='grc' dir='ltr'><strong>ιι.</strong></span> <span class='ocrx_word' id='word_1_271' title='bbox 1317 2674 1409 2714; x_wconf 77' lang='lat'><strong>322</strong></span> 
     </span>
    </p>

    <p class='ocr_par' dir='ltr' id='par_1_18' title="bbox 159 2728 1698 2795">
     <span class='ocr_line' id='line_1_39' title="bbox 159 2728 1698 2795; baseline 0.01 -28"><span class='ocrx_word' id='word_1_272' title='bbox 159 2728 205 2767; x_wconf 89' lang='lat' dir='ltr'><strong>ln</strong></span> <span class='ocrx_word' id='word_1_273' title='bbox 236 2729 463 2781; x_wconf 86' lang='lat' dir='ltr'><strong>Pyrenaeis</strong></span> <span class='ocrx_word' id='word_1_274' title='bbox 492 2732 722 2788; x_wconf 80' lang='lat' dir='ltr'><strong>Aragoniae</strong></span> <span class='ocrx_word' id='word_1_275' title='bbox 762 2734 810 2774; x_wconf 86' lang='lat' dir='ltr'><strong>ad</strong></span> <span class='ocrx_word' id='word_1_276' title='bbox 842 2735 999 2785; x_wconf 76' lang='lat' dir='ltr'><strong>fontes,</strong></span> <span class='ocrx_word' id='word_1_277' title='bbox 1045 2738 1198 2778; x_wconf 88' lang='lat' dir='ltr'><strong>rivulos</strong></span> <span class='ocrx_word' id='word_1_278' title='bbox 1237 2738 1421 2793; x_wconf 86' lang='lat' dir='ltr'><strong>locisque</strong></span> <span class='ocrx_word' id='word_1_279' title='bbox 1449 2740 1698 2795; x_wconf 82' lang='lat' dir='ltr'><strong>graminosis</strong></span> 
     </span>
    </p>
   </div>
   <div class='ocr_carea' id='block_1_3' title="bbox 45 2795 1695 2913">
    <p class='ocr_par' dir='ltr' id='par_1_19' title="bbox 45 2795 1695 2913">
     <span class='ocr_line' id='line_1_40' title="bbox 46 2795 1695 2861; baseline 0.009 -28"><span class='ocrx_word' id='word_1_280' title='bbox 46 2795 213 2849; x_wconf 87' lang='lat' dir='ltr'><strong>irriguis</strong></span> <span class='ocrx_word' id='word_1_281' title='bbox 243 2797 426 2850; x_wconf 89' lang='lat' dir='ltr'><strong>regionis</strong></span> <span class='ocrx_word' id='word_1_282' title='bbox 455 2797 697 2853; x_wconf 86' lang='lat' dir='ltr'><strong>subalpinae</strong></span> <span class='ocrx_word' id='word_1_283' title='bbox 726 2800 776 2840; x_wconf 87' lang='lat' dir='ltr'><strong>ad</strong></span> <span class='ocrx_word' id='word_1_284' title='bbox 809 2801 876 2841; x_wconf 84' lang='lat' dir='ltr'><strong>alt.</strong></span> <span class='ocrx_word' id='word_1_285' title='bbox 909 2805 1204 2847; x_wconf 49' lang='lat'><strong>45002-5000‘</strong></span> <span class='ocrx_word' id='word_1_286' title='bbox 1234 2804 1509 2857; x_wconf 85' lang='lat' dir='ltr'><strong>abundanter,</strong></span> <span class='ocrx_word' id='word_1_287' title='bbox 1541 2809 1695 2861; x_wconf 86' lang='lat' dir='ltr'><strong>praeci</strong></span> 
     </span>
     <span class='ocr_line' id='line_1_41' title="bbox 45 2862 1095 2913; baseline 0.01 -13"><span class='ocrx_word' id='word_1_288' title='bbox 45 2874 125 2913; x_wconf 90' lang='lat' dir='ltr'><strong>pue</strong></span> <span class='ocrx_word' id='word_1_289' title='bbox 155 2862 243 2902; x_wconf 87' lang='lat' dir='ltr'><strong>loco</strong></span> <span class='ocrx_word' id='word_1_290' title='bbox 275 2863 423 2904; x_wconf 79' lang='lat' dir='ltr'><strong>Puerto</strong></span> <span class='ocrx_word' id='word_1_291' title='bbox 453 2864 504 2905; x_wconf 85' lang='lat' dir='ltr'><strong>de</strong></span> <span class='ocrx_word' id='word_1_292' title='bbox 537 2864 749 2907; x_wconf 63' lang='lat' dir='ltr'><strong>(lanfranc.</strong></span> <span class='ocrx_word' id='word_1_293' title='bbox 784 2867 911 2908; x_wconf 85' lang='lat' dir='ltr'><strong>Junio</strong></span> <span class='ocrx_word' id='word_1_294' title='bbox 942 2884 974 2911; x_wconf 88' lang='lat' dir='ltr'><strong>c.</strong></span> <span class='ocrx_word' id='word_1_295' title='bbox 1011 2871 1095 2910; x_wconf 78' lang='lat' dir='ltr'><strong>flor</strong></span> 
     </span>
    </p>
   </div>
  </div>
 </body>
</html>
