1867 3215
1614 85 1679 130 23

33 214 59 258 f.
89 217 224 264 5105„
257 226 351 268 quas
378 226 428 254 ex
459 214 577 254 icone
608 210 769 265 quidem
799 225 823 253 a
855 210 900 254 S.
913 214 1090 252 nutante
1118 222 1198 252 non
1229 211 1308 251 nisi
1340 210 1488 265 petalis
1505 208 1679 251 discolo-

33 282 145 323 ribus
175 279 322 323 differt.

143 347 202 388 Ad
239 361 377 388 muros
407 346 566 388 castelli
597 346 637 385 la
667 343 780 385 Mota
810 359 936 400 prope
967 345 1107 388 urbem
1138 346 1181 386 S.
1214 344 1457 395 Sebastian,
1490 345 1530 384 in
1561 357 1681 394 rupe-

34 415 188 456 stribus
230 415 395 456 vallium
433 415 540 454 inter
569 414 612 454 S.
645 413 890 463 Sebastian,
921 413 1094 462 Tolosa,
1124 412 1333 468 Duraugo,
1365 425 1491 466 prope
1521 411 1681 461 Bilbao,

38 484 81 523 in
112 482 323 523 cacumine
352 482 448 523 Pico
478 479 528 521 de
559 481 778 530 Sarantes‚
819 481 861 520 in
892 480 998 520 valle
1026 480 1182 521 Baztan
1215 479 1371 530 (Nav.).
1429 478 1555 534 MaJo,
1585 477 1682 520 Jun.

36 564 70 590 c.
103 549 142 590 fl.
175 554 215 589 et
245 547 294 589 fr.

146 615 241 659 obs.
273 612 437 655 Caudex
478 614 520 653 in
563 612 818 667 rupestribus
859 612 1010 666 apricis
1041 625 1157 664 saepe
1186 612 1374 667 lignosus
1402 625 1590 653 ramosus
1620 625 1681 653 re·

36 695 152 737 pens,
211 682 414 722 Foliorum
455 680 692 720 basilarium
731 678 862 736 figura
902 678 1020 719 valde
1053 680 1240 728 varians,
1282 678 1381 719 folia
1411 692 1560 734 nempe
1591 693 1682 720 mox

38 742 268 790 lanceolata
297 752 428 798 acuta,
458 761 549 787 mox
580 747 825 800 spathulata·
845 747 989 787 obtusa
1022 750 1272 786 mucronata.
1332 747 1526 787 Panicula
1555 748 1684 788 viscm

37 817 229 867 sissima,
261 815 454 870 capsulae
483 814 628 854 dentes
658 814 778 854 dorso
809 813 1027 853 incrassati
1057 813 1184 867 patuli
1214 814 1277 852 vix
1313 815 1485 854 recurvi.
1544 815 1604 855 An
1635 813 1686 854 ad

37 882 81 924 S.
112 883 481 935 spathulaefoliam
510 882 538 925 J
549 896 569 922 o
585 881 648 921 rd.
683 880 835 929 (Catal.
866 880 939 921 des
969 881 1109 935 grains
1138 878 1341 921 recoltees
1371 893 1422 921 au
1456 881 1561 937 Jard.
1598 881 1682 923 bot.

36 950 87 991 de
119 950 242 1005 DiJon
273 963 324 991 en
357 952 481 997 1848)
510 948 760 989 referenda?

152 1021 240 1061 140.
300 1016 346 1058 S.
377 1018 580 1057 calholica
612 1015 745 1058 Otth.
777 1015 858 1058 Dc,
889 1014 1028 1056 Prodr.
1060 1015 1084 1055 l.
1119 1028 1152 1055 c.
1184 1028 1221 1068 p.
1254 1016 1348 1056 378.
1381 1013 1529 1055 Forma
1548 1027 1684 1057 macra

35 1084 270 1138 pauciflora.

149 1152 193 1191 ln
225 1152 376 1206 pinetis
406 1151 556 1191 montis
587 1150 698 1191 Pena
729 1149 779 1189 de
809 1149 928 1189 Oroel
959 1149 1000 1189 in
1032 1150 1151 1204 Arag.
1184 1162 1273 1203 sup.
1305 1162 1408 1190 raro.
1459 1150 1542 1192 Jul.
1576 1165 1608 1192 c.
1642 1150 1683 1190 fl.

152 1222 244 1259 141.
307 1216 352 1259 S.
383 1219 528 1269 inflata
561 1218 652 1258 Sm.
685 1215 813 1257 Rchb.
847 1214 899 1256 lc.
933 1216 959 1255 l.
991 1229 1024 1256 c.
1057 1215 1083 1255 f.
1117 1219 1236 1257 5120.
1270 1216 1329 1257 Pl.
1357 1231 1441 1258 exe.
1470 1218 1560 1258 coll.
1593 1231 1683 1260 ven.

34 1299 71 1325 n.
110 1290 170 1326 11.

149 1352 194 1392 In
228 1352 411 1407 sepibuS‚
442 1352 576 1398 cultis,
604 1350 859 1404 rupeslribus
886 1363 1011 1403 prope
1028 1350 1155 1399 Yrun,
1187 1350 1390 1402 Sopuerta
1420 1352 1495 1391 ete.
1529 1363 1600 1403 per
1630 1354 1688 1389 to-

42 1425 122 1459 tam
155 1420 438 1470 Cantabriam,
480 1419 701 1458 Navarram
743 1420 784 1457 et
822 1417 1066 1471 Aragoniam
1109 1416 1375 1470 superiorem.
1435 1416 1686 1470 Apr.-Jun.

34 1499 66 1526 c.
100 1486 140 1525 fl.

145 1555 236 1593 142.
298 1551 344 1593 S.
377 1549 620 1600 Saxifraya
650 1548 693 1589 L.
755 1545 799 1601 β.
834 1549 1029 1605 Sequieri
1052 1551 1195 1593 Rchb.
1228 1551 1284 1594 Ic.
1317 1551 1344 1591 Ι.
1376 1564 1408 1592 c.
1442 1549 1468 1592 f.
1501 1554 1610 1594 5088
1636 1546 1682 1603 β

30 1619 191 1666 (Petala
232 1619 272 1659 in
313 1620 431 1660 icone
471 1618 579 1658 male
619 1617 800 1657 colorata
832 1621 1013 1671 (rosea),
1051 1621 1092 1660 in
1123 1620 1263 1675 planta
1293 1619 1390 1660 viva
1418 1617 1512 1660 alba
1541 1619 1686 1661 subtus

32 1686 226 1735 rubella).
286 1686 343 1728 Pl.
376 1699 461 1726 exs.
494 1684 585 1725 coll.
616 1697 709 1724 ven.
741 1697 779 1724 n.
812 1687 907 1726 346.

143 1753 188 1793 ln
219 1754 368 1807 Pyren.
413 1754 591 1807 Aragon.
632 1751 682 1791 ad
722 1765 846 1806 rupes
884 1766 1104 1807 murosque
1142 1755 1183 1794 in
1225 1753 1332 1794 valle
1369 1751 1482 1793 fluvii
1511 1751 1684 1806 Gallego

33 1833 158 1875 supra
195 1833 344 1876 pagum
384 1820 606 1861 Panticosa
645 1823 768 1871 atque
808 1820 916 1860 inter
945 1833 1075 1876 pagos
1105 1820 1220 1875 Boyo
1251 1824 1291 1861 et
1321 1819 1492 1870 Biesca,
1533 1818 1583 1859 ad
1613 1820 1683 1860 alt.

32 1888 256 1929 3--40o0‘.
285 1888 382 1929 Jun.
415 1889 590 1927 exeunte
621 1898 654 1927 c.
687 1885 727 1925 ss.
760 1890 801 1926 et
829 1885 878 1927 fr.

145 1957 236 1995 143.
297 1953 343 1995 S.
373 1955 582 2005 rupescris
610 1950 653 1992 L.
685 1951 812 1993 Rchb.
843 1952 898 1994 lc.
931 1952 957 1993 l.
991 1966 1024 1993 c.
1058 1951 1084 1993 f.
1115 1956 1237 1995 5091.
1268 1953 1328 1997 ΡΙ.
1360 1966 1448 1994 exs.
1480 1951 1571 1994 coll.
1590 1964 1681 1993 ven.

33 2035 72 2061 n.
105 2024 199 2062 323.

144 2086 192 2127 In
222 2087 426 2143 glareosis
455 2088 697 2142 rupiumque
725 2085 1187 2141 fissurisl’yrenaeorum
1202 2088 1322 2142 Arag.
1354 2085 1406 2128 ad
1436 2086 1494 2127 alt
1520 2088 1687 2129 4500-

35 2154 179 2196 550o¹:
221 2156 262 2195 in
301 2156 400 2210 jugo
431 2154 579 2196 Puerto
619 2154 670 2195 de
701 2153 925 2206 Canfranc,
966 2155 1073 2195 circa
1119 2153 1266 2195 balnea
1295 2154 1527 2196 Panticosa.
1587 2153 1684 2196 Jun.

36 2234 69 2261 c.
103 2220 142 2261 ss.

146 2286 238 2329 obs.
281 2288 448 2329 Statura
486 2286 758 2343 foliorumque
797 2287 1034 2344 magnitudo
1065 2291 1107 2330 et
1134 2286 1266 2346 figura
1294 2302 1365 2344 pro
1396 2290 1587 2331 stationis
1616 2302 1686 2331 na-

36 2357 127 2395 tura
155 2353 274 2395 valde
306 2356 478 2397 variant.

151 2423 241 2462 144.
301 2419 348 2462 S.
379 2423 542 2461 acaulis
570 2421 615 2465 L.
677 2419 802 2461 Rchb.
834 2418 888 2461 lc.
922 2420 949 2460 Ι.
981 2434 1014 2462 c.
1048 2421 1076 2465 f.
1106 2426 1229 2467 5084.
1271 2420 1316 2478 β
1348 2428 1390 2465 et
1419 2437 1460 2477 ⁴).
1505 2424 1567 2466 Pl.
1598 2437 1685 2465 exs.

37 2487 128 2528 coll.
161 2500 253 2528 ven.
283 2501 324 2530 n.
355 2491 449 2530 333.
1159 2530 1165 2537 .

148 2553 195 2594 ln
234 2555 438 2609 glareosis
474 2555 716 2609 rupiumque
755 2552 918 2594 fissuris
957 2554 1133 2597 humidis
1161 2557 1396 2611 Pyrenaeor.
1428 2559 1604 2614 Aragon.
1635 2558 1688 2601 ad

9 2620 19 2623 ‘⁷
39 2621 107 2661 alt.
141 2623 458 2663 5000-6500‘:
496 2622 645 2662 Puerto
677 2620 727 2661 de
758 2621 975 2673 (lanfranc,
1006 2636 1119 2674 ran-03
1152 2625 1193 2664 in
1223 2624 1427 2666 adscensu
1456 2623 1508 2666 ad
1537 2625 1687 2668 Puerto

39 2686 89 2728 de
120 2687 211 2728 Izas
243 2690 423 2743 copiose,
455 2700 578 2743 supra
605 2687 754 2728 balnea
783 2689 1012 2730 Panticosa.
1044 2689 1141 2730 Jun.
1172 2704 1206 2731 c.
1238 2690 1278 2731 fl.

728 2752 1003 2805 Petrocopcis.

152 2825 240 2862 145,
303 2820 350 2861 P.
378 2824 607 2874 pyrenaica
636 2820 823 2860 Braun.
879 2820 987 2865 Flor.
1019 2822 1082 2863 od.
1116 2823 1197 2866 bot.
1228 2823 1328 2864 zeit.
1364 2825 1481 2865 1843.
1516 2837 1551 2878 p.
1586 2827 1680 2867 369.

38 2888 162 2928 Gren.
205 2888 328 2929 θοᾶν.
371 2887 432 2929 Fl.
472 2888 521 2929 de
550 2886 615 2927 Fr.
657 2886 688 2928 1.
722 2900 759 2940 p.
802 2890 893 2929 222.
953 2887 1189 2942 (Lychnidis
1220 2905 1280 2943 sp.
1309 2903 1346 2931 n.
1376 2889 1482 2932 Asso
1511 2891 1552 2931 in
1582 2891 1684 2944 Syn·
