1867 3215
159 50 224 98 22

271 175 315 216 ln
346 174 568 230 gypsaceis
600 174 815 226 Aragoniae
848 171 1053 212 inferioris
1080 175 1137 222 (v.
1170 186 1201 211 c.
1233 173 1339 213 inter
1368 171 1574 228 lilogallon
1607 174 1647 211 et
1665 170 1802 225 Borja)

158 247 199 283 et
236 242 429 282 Castelloe
470 253 586 279 novae
627 244 679 286 (v.
721 253 753 278 c.
795 252 920 292 prope
957 238 1283 287 Fuentiduenas)
1323 241 1503 293 copiose.
1571 237 1654 279 Jul.
1697 238 1798 292 Aug.

157 312 239 366 Jam
271 308 361 349 defl.

853 372 1123 414 Silcneae.

862 440 1112 482 Caeubalus.

281 512 368 551 134.
431 507 474 548 0.
508 505 743 555 bucciferus
772 506 815 548 L.
846 507 973 550 Rchh.
1006 508 1059 548 lc.
1089 507 1149 548 ΕΙ.
1183 519 1308 563 germ.
1341 506 1407 546 Vl.
1442 505 1467 545 f.
1501 509 1620 547 5122.

254 576 328 622 ,ΔιΙ
360 588 482 627 sepes
513 574 725 614 umbrosas
758 588 882 628 prope
913 578 1084 615 monast.
1117 576 1191 614 Sta
1209 574 1338 615 Maria
1354 573 1418 613 del
1436 573 1582 613 Pauiar
1607 573 1645 612 in
1664 572 1802 612 Sierra

164 642 213 685 de
244 641 533 683 Guadarrama.
565 642 679 694 Sept.
712 655 745 682 c.
776 640 814 682 fl.
845 645 885 681 et
916 641 963 681 fr.
996 635 1005 648 ⁶

914 707 1066 748 Silene.

274 779 365 818 135.
425 773 470 816 S.
503 776 651 822 ,qanica
677 774 720 816 L.
752 774 878 816 Rchb.
912 774 966 816 Ic.
1000 777 1024 815 Ι.
1059 790 1091 815 c.
1126 774 1149 815 s.
1185 777 1304 816 5054.

271 844 315 883 ln
356 841 611 896 rupestribus
643 843 761 896 juxta
796 842 1071 882 sanctuarium
1102 841 1284 881 Hcrmita
1321 839 1371 880 de
1403 840 1445 879 S.
1478 839 1646 880 Marcia!
1679 851 1804 892 prope

163 913 274 953 Yrun
303 922 408 949 raro.
439 907 535 949 Jun.
568 922 601 948 c.
634 908 672 948 fl.
705 912 745 948 et
771 907 817 949 fr.

273 979 363 1018 136.
423 973 468 1014 S.
499 976 708 1024 porcensis
734 975 778 1016 1..
838 975 896 1015 Pl.
937 988 1020 1016 exs.
1062 975 1153 1015 coll.
1192 986 1283 1015 ven.
1326 987 1364 1014 n.
1397 975 1490 1015 564.
1523 972 1647 1013 Gren.
1678 970 1800 1013 Godr.

161 1044 221 1086 Fl.
255 1042 304 1084 de
333 1042 399 1082 Fr.
433 1040 463 1082 l.
497 1057 535 1096 p.
566 1046 658 1084 211.

265 1108 311 1149 ln
350 1110 539 1148 arenosis
579 1110 791 1161 utriusque
820 1106 1014 1147 Castellae
1054 1106 1252 1160 regnique
1281 1105 1555 1162 Legionensis
1595 1107 1697 1146 satis
1735 1105 1802 1147 ab·

164 1176 384 1220 undanter:
426 1176 466 1218 in
509 1175 672 1219 olivetis
711 1175 818 1215 inter
859 1172 1047 1213 Carnona
1084 1177 1124 1212 et
1166 1172 1368 1214 Talavera
1397 1172 1446 1214 de
1477 1174 1516 1214 la
1546 1173 1714 1226 Reyna,
1753 1172 1802 1212 ad

165 1243 329 1284 fluvium
360 1241 534 1282 Tormes
565 1244 670 1281 inter
699 1242 740 1281 la
767 1239 892 1294 Maya
921 1243 962 1280 et
991 1240 1092 1280 Alba
1122 1238 1170 1279 de
1194 1238 1379 1287 Tormes,
1410 1241 1516 1280 circa
1533 1239 1802 1296 „Salamancffi

159 1308 399 1351 Penaranda
427 1309 477 1350 de
507 1308 797 1358 Bracamonte‚
835 1307 1078 1348 Villanuevn
1117 1306 1165 1346 de
1204 1306 1356 1346 Gomez
1387 1310 1464 1347 etc.
1525 1306 1663 1348 Octob.
1697 1319 1730 1346 c.
1760 1305 1801 1345 fl.

162 1380 202 1417 et
232 1375 278 1417 fr.

280 1446 372 1486 137.
431 1441 478 1483 S.
511 1444 653 1483 ciliaco
682 1442 860 1484 Pourr.
919 1433 966 1493 β.
994 1442 1234 1495 yeniculata
1266 1439 1348 1480 Dc,
1408 1437 1546 1482 Prodr.
1577 1437 1608 1481 1.
1641 1452 1679 1492 p.
1709 1440 1802 1480 375.

165 1511 229 1558 (S.
271 1511 450 1551 arvatica
479 1508 576 1564 Lag.
616 1523 700 1550 sec.
742 1509 876 1551 adnot.
919 1509 961 1549 in
993 1508 1091 1549 Nov.
1136 1520 1229 1562 gen.
1275 1510 1317 1547 et
1357 1519 1417 1559 sp.
1451 1520 1489 1560 p.
1522 1510 1585 1548 14.
1617 1518 1655 1545 n.
1689 1508 1804 1553 187.)

167 1578 225 1619 Pl.
258 1591 344 1618 exs.
376 1577 467 1616 coll.
501 1589 534 1617 v.
568 1589 606 1616 n.
638 1580 732 1618 419.

274 1644 318 1684 ln
351 1642 512 1684 fissuris
541 1645 700 1694 rupium
729 1643 1014 1696 glareosisque
1045 1642 1084 1681 in
1116 1643 1230 1695 parte
1261 1639 1472 1693 superiore
1502 1638 1652 1678 montis
1668 1638 1807 1678 Sierra

165 1712 214 1752 ‹le
243 1710 444 1765 Moncayo
477 1711 717 1765 (Magum),
749 1710 955 1763 praecipue
986 1721 1112 1764 prope
1143 1707 1417 1747 sanctuarium
1447 1705 1494 1745 N.
1526 1706 1570 1745 S.
1599 1704 1664 1744 del
1694 1703 1808 1744 Mon-

167 1791 280 1831 cayo,
313 1778 361 1818 ad
391 1778 460 1818 alt.
493 1790 524 1818 c.
555 1778 776 1818 3—4000‘.
835 1776 919 1817 Jul.
951 1789 982 1815 c.
1014 1775 1053 1815 ss.
1114 1775 1254 1814 Sierra
1283 1772 1332 1813 de
1354 1771 1549 1813 Guadarr.
1583 1773 1623 1811 ln
1654 1783 1805 1811 cacum.

164 1845 376 1886 Penalara.
411 1845 495 1885 Oct.

281 1914 369 1954 138.
432 1909 477 1951 S.
506 1911 756 1965 Ieyionensis
784 1909 901 1965 Lag.
961 1909 1061 1950 Νον.
1091 1921 1184 1964 gen.
1218 1911 1258 1947 et
1287 1920 1347 1960 sp.
1381 1920 1418 1960 p.
1455 1908 1517 1946 14.
1549 1918 1587 1945 n.
1623 1906 1713 1946 188.
1746 1903 1804 1944 ΡΙ.

165 1994 250 2021 exs.
284 1979 375 2019 coll.
408 1991 497 2018 ven.
530 1991 568 2018 n.
602 1981 697 2019 463.

277 2046 323 2087 ln
354 2047 563 2095 arenosis,
597 2045 774 2090 incultis,
803 2041 878 2083 sub
908 2041 1083 2082 dumetis
1113 2041 1327 2097 Aragonioe
1360 2039 1552 2079 australis
1583 2041 1623 2078 et
1655 2037 1808 2078 Castel-

169 2116 234 2155 lae
265 2126 395 2155 novae
426 2113 601 2167 passim:
646 2113 686 2151 in
717 2110 889 2151 collibus
918 2109 1066 2150 Puerto
1098 2108 1146 2148 de
1177 2109 1356 2155 Daroca3
1405 2108 1444 2145 in
1470 2106 1582 2160 jugis
1613 2105 1809 2144 calcareis

168 2181 292 2221 aridis
334 2182 440 2219 circa
471 2179 626 2219 Molina
657 2179 706 2218 de
736 2179 923 2233 Aragon,
954 2175 1131 2224 Pardos,
1165 2174 1311 2220 Chera,
1342 2173 1509 2218 Setsses,
1542 2173 1581 2211 in
1613 2171 1812 2210 sabinetis

166 2250 270 2289 inter
299 2245 521 2290 Pozondon
553 2251 593 2286 et
610 2245 734 2286 Gelda
763 2244 814 2285 ad
836 2244 904 2284 alt.
937 2243 1250 2290 3500—4200‘;
1282 2242 1321 2280 in
1340 2240 1534 2279 Serrania
1565 2238 1614 2278 tle
1632 2237 1807 2278 Cuenoa.

168 2318 268 2368 Aug.
301 2328 332 2354 c.
365 2313 403 2352 ss.
436 2317 476 2352 et
507 2312 552 2352 fr.

281 2379 371 2418 011³.
405 2379 454 2419 ln
485 2379 688 2432 Aragonia
717 2389 901 2430 novaque
928 2375 1106 2415 Castella
1138 2386 1297 2426 semper
1328 2373 1505 2421 humilis,
1537 2384 1684 2420 macra,
1716 2384 1811 2424 pau-

170 2448 329 2493 cinara,
371 2448 409 2486 in
440 2459 570 2500 regno
600 2444 849 2498 Legionensi
880 2441 1098 2482 secundum
1130 2441 1354 2494 specimina
1384 2440 1598 2494 originalia
1629 2437 1812 2477 llerbarii

171 2529 256 2570 reg.
289 2513 447 2554 Madrit.
482 2511 638 2565 pedulis
668 2515 708 2549 et
736 2511 855 2560 ultra,
884 2509 1112 2549 multiflorn.
1174 2507 1489 2546 Observationes
1520 2506 1734 2545 ulteriores
1764 2503 1812 2542 de

171 2584 296 2635 stirpe
328 2580 445 2620 valde
477 2578 671 2633 peculiari
702 2590 726 2616 a
756 2578 804 2615 cl.
837 2576 1074 2631 Lagasca
1106 2575 1128 2614 l.
1163 2587 1196 2613 c.
1239 2574 1341 2613 bene
1378 2573 1583 2625 descripta
1622 2570 1811 2623 relinqui-

171 2662 259 2688 mus
291 2648 338 2688 cl.
372 2647 491 2697 Gay.

285 2717 374 2755 139.
435 2713 479 2752 S.
513 2715 668 2750 uacans
699 2710 742 2749 L.
804 2711 863 2752 ΡΙ.
906 2724 990 2751 exs.
1033 2709 1123 2749 coll.
1169 2720 1258 2747 ven.
1297 2720 1333 2746 n.
1367 2710 1433 2747 51.
1491 2705 1637 2745 Forma
1668 2703 1813 2757 petalis

174 2783 324 2836 pagina
362 2778 559 2820 inferiore
601 2777 944 2819 suscescentibus:
979 2777 1027 2818 S.
1056 2778 1223 2828 pelidna
1252 2773 1394 2815 Rchb.
1427 2773 1481 2814 lc.
1512 2772 1573 2813 ΡΙ.
1602 2783 1714 2827 germ
1746 2769 1811 2812 Vl.
