1867 3215
120 105 189 152 ⁶6

234 234 328 274 438.
387 228 442 270 Ε.
472 227 732 268 maritimum
761 226 806 267 L.

238 299 285 338 ln
315 310 439 338 arena
468 295 609 336 mobili
639 293 690 335 ad
720 306 830 335 oram
862 293 988 333 maris
1017 305 1144 348 prope
1164 292 1407 334 Valentiam.
1439 292 1540 347 Aug.
1564 292 1657 333 sine
1686 291 1773 334 flor.

824 360 1083 415 Maqydaris.
1166 350 1183 366 ‘
1347 390 1353 396 .
1666 348 1668 352 ⁸

233 435 326 474 439.
386 429 446 472 Μ.
474 431 686 481 panacina
716 427 845 468 Dec.
879 427 1017 469 Prodr.
1048 427 1115 468 lv.
1151 442 1188 482 p.
1225 431 1317 468 241.

233 498 280 538 ln
320 498 485 552 pascuis
525 497 647 537 siccis
686 497 792 536 inter
822 495 1038 536 Colmenar
1069 496 1175 550 vieJo
1207 498 1248 535 et
1278 493 1437 534 Chozas
1469 506 1596 548 prope
1625 492 1775 535 Madri-

123 570 221 607 tum.
254 566 369 619 Sept.
399 578 432 605 e.
466 562 582 604 fruct.
614 567 757 604 matur.
789 562 863 604 sed
892 564 1056 604 omnino
1089 564 1306 603 exsiccata.

833 628 1053 670 sanicula.

237 701 332 740 440.
394 695 439 741 S.
469 709 680 749 europaeo
710 697 756 741 L.
786 720 840 727 ——
871 698 931 738 Pl.
964 711 1051 738 exs.
1084 697 1174 738 coll.
1207 709 1298 737 ven.
1331 708 1370 735 n.
1403 697 1456 736 94
1486 707 1521 736 a.

231 766 279 806 In
309 762 472 806 fissuris
501 766 661 819 rupium
692 765 968 806 calcarearum
999 765 1203 806 umbrosis
1232 764 1360 818 vprope
1391 761 1536 803 Bilbao
1567 764 1609 802 et
1625 761 1778 802 Otanes

128 835 170 874 in
199 833 379 886 Vizcaya
407 845 512 874 raro.
543 832 653 888 Majo
683 846 716 875 c.
748 832 833 873 flor.

776 899 1118 940 Araliaceae.

236 971 330 1010 441.
391 965 562 1007 Hedera
593 965 726 1007 Helia·
757 965 805 1007 1..

237 1033 425 1075 Abundat
454 1035 495 1074 in
523 1035 666 1085 muris,
700 1035 867 1083 truncis,
897 1034 1066 1094 rupibus
1096 1033 1279 1086 locisque
1311 1030 1512 1071 umbrosis
1529 1028 1775 1079 Cantabriae,

125 1103 358 1152 Navarrae,
399 1102 630 1156 Aragoniae
659 1102 908 1156 superioris,
955 1106 1109 1142 tractus
1138 1101 1333 1140 montium
1364 1098 1589 1152 Hispaniae
1620 1101 1774 1137 centra·

123 1170 191 1221 lis,
223 1193 276 1200 —
305 1182 378 1221 per
407 1172 534 1209 totam
563 1168 815 1222 Hispaniam.

738 1234 1166 1276 Loranchaceae.

237 1307 331 1345 442.
397 1302 566 1342 Viscum
597 1305 735 1342 album
764 1302 808 1342 1..

235 1369 421 1411 Abundat
451 1372 491 1410 in
523 1369 735 1411 arboribus
765 1368 984 1423 praecipue
1015 1368 1054 1406 in
1086 1367 1205 1407 malis
1236 1368 1431 1420 pyrisque
1461 1365 1717 1406 Cantabriae.

822 1435 1074 1475 Gorneae

236 1507 330 1546 443.
390 1503 556 1544 Cornus
584 1505 818 1553 sanquinem
848 1501 890 1544 1..
923 1501 982 1542 ΡΙ.
1016 1514 1099 1540 ers.
1134 1501 1226 1540 coll.
1259 1514 1348 1541 ven.
1380 1515 1420 1541 n.
1451 1504 1516 1543 63.

235 1572 281 1612 In
321 1571 490 1625 sepibus
536 1570 794 1625 dumetisque
825 1569 1092 1618 Cantabriae,
1137 1581 1172 1610 v,
1213 1582 1246 1608 c.
1280 1581 1405 1621 prope
1434 1569 1567 1617 Yrun,
1609 1567 1778 1616 Tolosa,

126 1640 292 1689 Bilbao,
323 1639 546 1689 Navarrae,
578 1639 811 1693 Aragoniae
841 1636 1081 1690 superioris,
1113 1648 1147 1675 v.
1169 1649 1200 1677 c.
1233 1649 1358 1689 prope
1375 1636 1492 1686 Jaca,
1522 1634 1647 1690 Majo,
1678 1629 1787 1677 Junss

128 1721 162 1747 c.
196 1707 284 1747 flor.
342 1705 389 1746 ln
418 1718 546 1760 regno
576 1705 827 1760 Legionensi
859 1705 899 1743 in
931 1702 1136 1743 montibus
1176 1715 1302 1756 prope
1333 1703 1495 1753 Banos,
1536 1702 1658 1758 BeJar
1699 1706 1776 1743 etc.

130 1774 215 1816 Oct.
248 1787 281 1815 c.
314 1772 400 1813 flor.

716 1837 1186 1889 Caprifoliaceae.

829 1904 1078 1947 Sambucus.

239 1978 332 2017 444.
390 1972 437 2014 S.
470 1973 634 2014 Ebuzus
661 1972 705 2013 1..

241 2041 286 2081 ln
318 2041 566 2095 pinguibus,
598 2039 814 2088 ruderatis,
847 2038 1058 2078 sterilibus
1089 2037 1346 2087 Cantabriae,
1377 2038 1595 2087 Navarrae,
1625 2038 1776 2094 Arago-

128 2109 245 2157 niae,
275 2109 392 2163 regni
423 2107 643 2155 valentini,
678 2107 890 2158 utriusque
920 2105 1149 2154 Castellae,
1182 2106 1297 2158 regni
1327 2104 1600 2159 Legionensis
1631 2104 1779 2158 et—Ex·

127 2174 394 2216 tremadurae.
427 2172 567 2222 Junio,
599 2173 682 2214 Jul.
715 2187 746 2213 c.
780 2172 865 2215 flor.
900 2173 1013 2227 Sept.
1045 2172 1130 2212 Oct.
1164 2185 1196 2211 c.
1228 2171 1274 2211 fr.

239 2244 332 2283 445.
393 2238 439 2282 S.
471 2242 596 2293 niqra
626 2239 669 2279 L.

237 2307 284 2347 In
324 2307 493 2361 sepibus
524 2305 789 2355 Cantabriae,
824 2319 857 2347 v.
891 2320 922 2348 c.
956 2318 1080 2360 prope
1115 2304 1282 2354 Bilbao,
1314 2304 1534 2356 Navarrae,
1567 2306 1777 2360 utriusque

128 2373 347 2415 Castellae.
379 2372 488 2427 lllaj0
519 2386 551 2412 c.
586 2371 670 2412 flor.

834 2440 1079 2480 Viburnum.

242 2510 334 2548 446.
402 2505 450 2545 V.
485 2505 678 2545 Lanlana
708 2506 752 2545 L.

241 2571 300 2612 Ad
331 2571 494 2612 fluvium
527 2573 634 2626 Arga
663 2586 789 2626 prope
820 2575 944 2614 Olave
983 2577 1024 2613 et
1054 2573 1149 2612 alibi
1189 2573 1228 2611 in
1260 2572 1460 2620 Navarra,
1501 2572 1543 2610 in
1572 2570 1778 2626 Aragonia

130 2630 343 2682 superiore
374 2627 635 2682 Castellaque
667 2641 783 2668 nova.
817 2630 942 2669 Junio
974 2642 1007 2668 c.
1040 2627 1153 2668 fruct.

849 2684 1064 2723 Lonicera.

242 2739 335 2778 447.
396 2737 444 2778 L.
475 2742 643 2777 etrusca
674 2739 844 2781 Santi.
892 2741 1014 2781 Gren.
1046 2737 1167 2778 Godr.
1200 2737 1259 2778 Fl.
1294 2737 1343 2777 de
1373 2736 1438 2777 Fr.
1471 2735 1522 2776 ΙΙ.
1554 2748 1591 2788 p.
1629 2740 1692 2778 10.
1725 2760 1776 2768 —

132 2791 191 2830 Pl.
225 2805 309 2830 exs.
343 2793 434 2831 coll.
467 2806 557 2833 ven.
590 2807 625 2832 n.
662 2796 754 2834 230.

242 2846 287 2885 ln
327 2849 497 2900 sepibus
538 2861 662 2901 prope
695 2848 823 2888 Venta
864 2848 914 2887 de
955 2849 1080 2888 Olave
1121 2849 1161 2888 in
1191 2847 1391 2897 Navarra,
1439 2848 1480 2886 in
1521 2843 1628 2885 valle
1667 2842 1779 2885 fluvii

133 2903 291 2954 Aragon
326 2904 364 2942 in
396 2903 570 2943 dumetis
601 2904 705 2942 inter
736 2904 809 2942 Sta
840 2903 992 2944 Lucilia
1023 2908 1061 2943 et
1094 2903 1207 2944 Jaca.
1241 2902 1366 2944 Junio
1397 2916 1426 2942 c.
1462 2901 1547 2942 flor.
