1867 3215
1590 115 1683 163 167

164 245 279 285 1138.
341 242 389 284 G.
417 242 632 293 pulvinata
661 241 756 281 Sm.
787 262 839 270 —
869 241 930 283 Pl.
964 254 1048 282 ers,
1081 241 1172 284 coll.
1203 254 1294 285 ven.
1323 254 1361 285 n.
1398 244 1491 284 591.

160 310 206 350 ln
236 311 362 350 muris
391 322 518 364 prope
548 308 586 348 el
616 306 814 357 Escorial‚
847 309 890 349 S.
922 307 1171 359 Yldefonso‚
1210 309 1248 349 el
1278 307 1426 350 Paular
1455 313 1496 349 et
1525 308 1621 349 alibi
1652 310 1692 349 in

48 378 254 418 montibus
283 369 556 425 centralibus3
595 376 636 415 in
669 376 894 429 Pyrenaeis
924 377 965 416 in
997 378 1110 417 saxis
1146 377 1360 433 graniticis
1390 389 1518 431 prope
1547 374 1697 417 balnea

48 444 265 486 Panticosa
294 445 472 499 copiose.
531 443 656 484 Junio
687 465 739 472 —-
771 445 855 486 Uet.
886 457 919 484 c.
950 443 1068 487 fruct.

693 509 1038 552 Trichoscomum.

160 582 277 621 1139.
340 577 415 618 Tr.
446 580 759 618 heterostichum
788 578 958 619 Hedw.
992 603 1044 611 —
1070 578 1131 620 Pl.
1163 591 1247 619 exs.
1281 579 1372 622 coll.
1403 591 1493 619 ven.
1526 592 1564 619 n.
1597 582 1689 621 596.

161 645 207 686 ln
236 646 350 686 saxis
379 645 589 702 granitiois
627 646 668 686 in
699 650 816 700 parte
849 647 1061 701 superiore
1104 646 1270 687 Sierrae
1312 646 1363 688 de
1402 646 1690 688 Guadarrama.

46 713 161 768 Sept.
192 727 224 755 c.
256 713 303 757 fr.

731 778 989 833 Syntrichz‘a.

160 851 278 889 1140.
341 846 388 888 S.
419 848 579 887 ruralis
609 846 746 889 Brid.
777 870 831 877 —-
860 848 920 889 Pl.
952 860 1038 888 exs,
1071 848 1164 889 coll.
1193 861 1284 891 ven.
1314 861 1354 890 n.
1386 852 1480 892 599.

159 914 205 954 ln
235 916 360 955 muris
390 927 518 970 prope
548 915 588 955 S.
620 914 846 956 Yldefonso
876 917 918 955 in
949 915 1130 956 Castella
1158 920 1299 957 vetere
1328 920 1370 957 et
1398 929 1527 972 prope
1556 928 1692 957 mona-

48 983 216 1024 sterium
247 983 286 1023 el
315 982 464 1024 Paular
491 983 534 1022 in
563 982 703 1023 Sierra
733 982 784 1023 de
815 983 1103 1025 Guadarrama.
1163 984 1278 1038 Sept.
1310 998 1344 1025 c.
1375 983 1423 1025 fr.

706 1049 1028 1092 Orchocrichum.

163 1119 281 1158 1141.
342 1117 389 1159 O.
421 1111 659 1158 anomalum
688 1118 857 1160 Hedw.
888 1119 1031 1160 —-‘Pl.
1064 1133 1149 1160 exs.
1183 1119 1275 1161 coll.
1306 1132 1396 1160 ven.
1430 1133 1468 1159 n.
1500 1122 1595 1163 582.

160 1185 207 1225 ln
238 1186 351 1225 saxis
380 1187 530 1226 montis
559 1186 732 1226 calcarei
762 1186 874 1226 Pena
904 1186 1094 1240 Gorveya
1121 1189 1164 1227 in
1192 1188 1383 1241 Vizcaya.
1412 1187 1523 1241 Majo
1553 1200 1588 1226 c.
1618 1185 1665 1227 fr.

165 1255 282 1294 1142.
343 1252 390 1293 0.
421 1255 665 1305 cupulacum
693 1253 912 1295 Hoffm.?
941 1277 995 1285 -
1024 1255 1084 1296 Pl.
1116 1268 1202 1295 εις.
1234 1255 1324 1295 coll.
1356 1268 1446 1295 ven.
1480 1268 1518 1297 n.
1549 1256 1645 1296 589.

160 1319 347 1360 Abundat
376 1322 417 1361 in
456 1322 609 1362 truncis
647 1323 854 1377 murisque
893 1336 1020 1377 prope
1056 1324 1347 1364 monasterium
1388 1323 1427 1363 el
1466 1320 1614 1364 Paular
1651 1323 1692 1363 in

48 1386 187 1428 Sierra
217 1387 267 1429 de
298 1388 589 1430 Guadarrama.
622 1389 736 1444 Sept.
769 1403 802 1432 c.
835 1389 952 1430 fruct.
985 1393 1132 1431 vetust.

721 1467 1003 1510 Limenes.

795 1534 947 1577 Usnea.

162 1595 281 1634 1143.
346 1590 393 1633 U.
425 1595 597 1633 barbata
630 1592 674 1634 L.

157 1658 217 1700 Ad
245 1659 431 1700 arborum
477 1660 798 1716 grandaevorum
829 1664 995 1701 truncos
1025 1660 1326 1714 Pyrenaeorum
1363 1664 1405 1701 et
1442 1661 1607 1702 Sierrae
1645 1660 1696 1702 de

46 1725 341 1777 Guadarramaff
354 1729 696 1769 communissime.

736 1793 998 1849 Bryopoqon.

162 1863 280 1903 1144.
338 1862 416 1902 Br.
436 1864 618 1913 jubatus
646 1861 726 1902 Lk.
758 1887 810 1894 -
839 1863 898 1903 ΡΙ.
929 1876 1013 1905 εχει.
1047 1862 1139 1902 coll.
1164 1875 1262 1913 ven.
1294 1876 1332 1905 n.
1363 1865 1455 1905 598.

161 1929 301 1971 Sierra
332 1929 383 1971 de
413 1929 689 1971 Guadarrama
720 1931 761 1970 in
792 1931 947 1971 truncis
988 1929 1234 1985 grandaevis
1264 1929 1355 1971 Piui
1386 1930 1590 1970 silvestris
1627 1943 1692 1972 eo-

48 1996 180 2050 piose.
239 1997 354 2052 Sept.
386 1997 480 2038 hino
508 1996 603 2039 inde
633 2011 666 2039 c.
699 1996 748 2038 fr.

772 2063 970 2106 Evernia.

162 2135 280 2176 1145.
337 2129 390 2173 Ε.
421 2130 675 2181 furfuracea
703 2131 778 2175 Fr.

160 2198 260 2242 Cum
289 2198 562 2254 praecedente
591 2201 771 2255 copiose.
804 2200 917 2254 Sept.
950 2213 983 2241 c.
1015 2198 1132 2242 fruct.

747 2266 988 2308 Bamalina.

164 2338 282 2377 1146.
343 2333 397 2374 R.
424 2336 650 2386 pollinaria
688 2335 763 2377 Fr.

163 2401 222 2443 Ad
252 2406 417 2442 truncos
446 2402 633 2445 arborum
665 2403 924 2454 Cantabriae,
940 2402 1257 2457 Pyrenaeorum,
1276 2400 1505 2456 Aragoniae
1535 2404 1612 2442 ote.
1639 2423 1694 2432 —

49 2481 122 2524 per
151 2471 277 2510 totam
305 2468 558 2524 Hispaniam.

768 2536 966 2578 Ceto-aria.

164 2606 284 2646 1147.
344 2603 388 2644 0.
416 2606 569 2658 ylauca
598 2604 672 2646 Fr.
705 2629 758 2635 -
787 2605 846 2646 Pl.
878 2618 963 2647 exs.
994 2604 1085 2648 coll.
1114 2617 1206 2645 ven.
1237 2618 1274 2644 n.
1305 2606 1398 2646 600.

166 2670 307 2711 Sierra
335 2670 387 2711 de
416 2671 693 2712 Guadarrama
721 2673 762 2712 in
792 2673 946 2712 truncis
962 2670 1208 2726 grandaevis
1223 2672 1315 2713 Pini
1345 2671 1562 2722 silvestris,
1579 2684 1694 2726 pruo-

52 2738 172 2791 cipue
201 2739 242 2777 in
274 2737 508 2779 declivitate
536 2739 792 2780 meridionali
818 2740 909 2795 jugi
938 2739 1088 2781 Puerto
1128 2739 1179 2780 de
1216 2739 1258 2780 la
1296 2736 1490 2780 Fuenfria
1535 2738 1586 2780 ad
1621 2739 1692 2781 alt.

50 2806 344 2848 4500—50001
373 2807 551 2860 copiose.
582 2807 696 2862 Sept.
728 2821 760 2849 c.
792 2805 909 2848 fruct.

163 2873 282 2914 1148.
344 2871 387 2913 C.
420 2875 625 2915 istandioa
654 2874 729 2915 Fr.
1670 2926 1679 2934 .

160 2939 303 2982 Sierra
329 2938 380 2984 de
408 2938 610 2996 Moneayo
640 2941 682 2984 in
711 2952 867 2984 summo
894 2942 1010 2998 jugo,
1038 2942 1177 2986 fiooo‘.
1205 2940 1319 2984 Julio
1350 2941 1506 2997 absque
1535 2939 1653 2986 fruet.
