1867 3215
1656 46 1735 92 89.

69 172 316 214 Scabiosam
346 171 596 214 collocanda.
651 171 782 212 Radix
813 172 987 226 simplex
1019 169 1241 224 cylindrica
1268 168 1521 210 fuscescens.
1582 171 1721 212 Gaulis

73 242 263 289 l—l¹f¹2„-
276 240 436 294 pedalis
474 237 617 280 firmus
657 240 878 295 angulatus
919 239 1103 279 sulcatus
1134 237 1229 291 pilis
1258 237 1364 277 raris
1394 237 1546 276 lanatis
1577 239 1723 291 crispis

71 321 253 361 sparsus.
312 307 430 348 Folia
459 306 654 347 radicalia
685 308 796 347 5-6
826 306 999 360 pollices
1030 305 1177 360 longa,
1219 303 1382 344 caulina
1420 317 1578 344 summa
1609 306 1724 357 polli-

69 375 178 414 caria
209 375 274 415 vel
305 374 639 429 semipollicaria,
672 376 809 412 omnia
839 374 970 427 rigida
988 372 1264 412 crassiuscula
1281 373 1486 425 utrinque,
1518 371 1590 412 sed
1622 386 1725 426 prae-

68 442 187 495 cipue
216 440 377 493 subtus,
409 442 503 496 pilis
534 438 729 480 brevibus
759 439 902 494 rigidis
933 453 1095 493 aspera,
1125 439 1235 479 laete
1265 440 1440 478 virentia
1469 436 1640 494 figuram
1666 438 1724 479 fo-

68 508 212 548 liorum
261 508 538 560 Cephalariae
582 509 828 548 leuc-amhae
871 507 1133 548 aemulantia.
1218 506 1445 559 Capitulum
1504 506 1720 547 mediocre.

68 574 312 616 Authodium
343 579 486 615 exacte
517 579 678 615 ovatum
710 572 869 614 demum
902 573 1196 624 umbilicatum,
1227 574 1410 627 squamis
1433 575 1621 619 nervosis
1638 586 1724 614 car-

67 642 278 697 tilagineis
326 643 452 682 dilute
497 640 704 682 viridibus.
784 641 1041 696 Appendices
1084 653 1343 695 squamarum
1390 638 1626 680 inferiorum
1682 647 1724 681 et

68 709 291 749 mediarum
322 709 570 763 adpressae,
612 709 844 749 intimarum
877 708 1071 758 reflexae,
1103 708 1210 748 ciliis
1242 707 1497 747 latitudinem
1527 708 1722 762 appendi-

67 776 127 816 cis
156 775 443 829 aequantibus.
484 775 630 816 Flores
661 775 853 822 antbodio
884 776 1110 830 longiores,
1140 773 1324 815 antheris
1353 775 1561 814 testaceis.
1595 774 1720 815 Ache-

66 844 136 883 nia
166 845 390 892 ,ΨΑ-«ἔδω
421 844 542 898 longa
572 843 713 885 nitida.
752 843 903 883 Paleae
934 843 1056 896 pappi
1088 842 1304 883 exterioris
1336 840 1453 881 valde
1483 842 1723 895 inaequales

66 911 378 965 elegantissime
411 911 827 964 plnmosopinuatae.
1722 951 1725 960 ,-

175 978 207 1018 Α
238 977 282 1017 C.
314 977 520 1018 Scabiosa
551 976 620 1027 L„
661 978 724 1018 cui
757 975 896 1017 habitu
928 975 1045 1016 valde
1075 973 1227 1024 affinis,
1258 976 1450 1030 capitulis
1482 975 1722 1028 minoribus,

64 1043 258 1085 anthodio
287 1050 429 1086 exacte
461 1050 579 1085 ovato
613 1058 689 1085 nec
719 1043 906 1100 globoso,
939 1044 1122 1098 squamis
1152 1044 1279 1083 multo
1296 1041 1520 1098 majoribus
1537 1047 1577 1083 et
1595 1044 1721 1084 multo

62 1112 198 1152 minus
237 1114 469 1153 numerosis
507 1112 633 1152 multo
673 1113 890 1167 angustius
923 1111 1188 1166 marginatis,
1229 1108 1527 1164 appendicibus
1557 1112 1723 1151 minori-

64 1176 162 1228 bus,
202 1177 371 1221 floribus
411 1177 707 1235 marginalibus
746 1176 1021 1226 brevioribus,
1063 1170 1249 1218 acheniis
1290 1176 1613 1220 cinereo-fuscis.
1645 1177 1726 1219 nec

65 1246 210 1301 nigris,
242 1260 377 1302 pappo
409 1248 626 1288 concolore
655 1259 732 1286 nec
762 1245 1010 1295 rufescente,
1043 1244 1231 1285 foliorum
1262 1242 1394 1300 figura
1424 1249 1500 1286 etc.
1528 1241 1640 1286 ¹bene
1664 1245 1727 1302 di'.

63 1313 214 1354 stincta
244 1320 321 1355 est.

175 1383 268 1432 574..
331 1381 374 1422 0.
407 1380 684 1434 hyssopifolia
711 1380 854 1424 Vahl.
889 1379 1048 1435 (Symb.
1080 1378 1163 1423 bot.
1195 1379 1224 1419 1.
1255 1394 1293 1434 p.
1325 1383 1414 1430 75»)
1445 1393 1526 1420 non
1540 1381 1718 1422 Willd.

64 1472 117 1480 --
144 1447 206 1490 Pl.
246 1462 331 1489 exs.
373 1449 464 1490 coll.
507 1462 597 1489 ven.
642 1462 680 1490 n,
721 1451 814 1490 537.
857 1447 1032 1499 (Stoebve
1063 1447 1276 1497 fruticans,
1308 1451 1454 1488 incana
1484 1446 1598 1489 brevi
1629 1449 1721 1503 hys-

63 1516 155 1570 sopi
194 1514 315 1566 folio,
356 1518 489 1570 capite
532 1517 651 1556 tereti
683 1521 724 1555 et
756 1518 920 1556 cirrose.
959 1515 1115 1556 Barrel.
1148 1515 1202 1557 lc.
1235 1518 1326 1557 306.
1358 1511 1445 1557 obs.
1476 1517 1570 1558 935.
1605 1516 1718 1561 Ceut.

63 1587 256 1637 punctata
286 1582 399 1625 Duf.
431 1585 472 1623 in
506 1585 605 1624 Anu.
639 1595 695 1623 sc.
728 1587 810 1623 nat.
843 1587 938 1624 tom.
970 1580 1118 1627 xxtll.
1152 1597 1190 1638 p.
1225 1585 1339 1628 159.)

172 1649 219 1691 In
248 1652 471 1706 gypsaceis
503 1651 711 1691 castellae
741 1663 872 1690 novae
904 1651 1057 1704 passim
1091 1651 1194 1690 satis
1235 1650 1426 1704 copiose,
1469 1663 1504 1690 v.
1540 1663 1577 1695 c.
1615 1652 1720 1692 inter

61 1717 291 1775 florcajada
320 1721 361 1757 et
391 1718 663 1769 Garrascasa,
694 1716 1005 1759 Fuentiduenas
1036 1722 1077 1758 et
1107 1717 1318 1772 Villarejo,
1348 1729 1476 1771 prope
1504 1717 1721 1773 AranJuez.

61 1785 163 1841 Aug.
198 1799 231 1825 c.
264 1784 350 1826 flor.
380 1789 423 1825 et
453 1785 500 1827 fr.

174 1851 268 1892 obs.
304 1855 338 1893 l.
398 1852 635 1906 Specimina
675 1865 768 1893 mea
807 1865 897 1893 cum
936 1849 1282 1907 descriptionibus
1324 1852 1372 1892 cl.
1405 1851 1613 1902 Vablii,
1652 1855 1719 1906 qui

63 1919 165 1960 hanc
203 1920 384 1975 plantam
425 1920 616 1960 eximiam
656 1921 699 1960 in
738 1920 922 1961 Castella
963 1925 1103 1960 vetere
1133 1921 1258 1975 legit,
1289 1923 1331 1959 et
1360 1919 1409 1959 cl.
1442 1919 1719 1971 Dufourei‚

62 1989 130 2042 qui
160 2000 248 2027 eam
280 1987 321 2026 in
353 1983 526 2026 collibus
557 1986 684 2027 aridis
714 1989 834 2042 regni
863 1988 1061 2028 valentini
1093 1986 1268 2034 detexit,
1309 1983 1432 2040 atque
1471 1999 1560 2026 cum
1601 1987 1719 2028 icone

61 2055 108 2099 cl.
139 2053 440 2098 Bari-elieri
473 2055 626 2109 optime
658 2056 919 2095 conveniunt.
960 2053 1018 2094 cl.
1052 2053 1372 2094 Candollius
1403 2053 1444 2092 in
1476 2052 1614 2096 Prodr.
1645 2053 1714 2095 VI.

62 2136 99 2177 p.
130 2124 223 2165 573.
270 2121 314 2162 0.
347 2121 669 2172 hyssopifoliam
701 2121 881 2162 Willd.
912 2135 974 2175 sp.
1008 2120 1062 2175 pl.
1095 2120 1145 2160 ad
1176 2122 1359 2175 speciem
1391 2133 1414 2160 a
1445 2120 1717 2160 Barrelie-

61 2202 115 2229 ro
155 2190 327 2243 primum
368 2187 614 2242 descriptam
651 2188 782 2237 ducit,
829 2187 902 2228 sed
947 2187 1170 2227 secundum
1201 2186 1532 2227 Dufoureum
1579 2188 1719 2242 planta

62 2256 518 2297 Willdenowiana
547 2269 571 2295 a
601 2254 1063 2309 specieBarrelieri
1095 2253 1379 2295 distinctaest.
1413 2253 1559 2295 Planta
1575 2261 1718 2296 nostra

62 2335 86 2363 a
115 2322 392 2364 Dufoureo
425 2323 528 2362 bene
559 2322 765 2376 descripta
795 2326 871 2362 est.

174 2391 267 2430 obs.
300 2394 338 2432 2.
399 2388 485 2429 Ictu
516 2391 764 2431 insectorum
804 2387 1065 2443 quorumdam
1098 2387 1289 2429 anthodia
1320 2389 1589 2442 speciminum
1620 2403 1719 2430 non-

63 2457 264 2499 nullarum
307 2457 606 2497 dimensionem
650 2459 843 2513 majorem
887 2461 926 2496 et
964 2454 1135 2510 figuram
1175 2456 1298 2511 plane
1328 2456 1530 2506 alienam,
1570 2470 1719 2511 nempe

60 2523 311 2575 obconicam,
343 2522 422 2564 sibi
454 2524 691 2574 induerant,
731 2527 787 2564 ita
817 2527 861 2564 ut
889 2525 1071 2578 speciem
1104 2524 1335 2565 distinctam
1370 2525 1621 2565 constituere
1651 2538 1718 2579 ap-

59 2597 242 2645 pareant.
1313 2584 1318 2587 ’

171 2661 263 2701 575,
323 2658 367 2699 0.
399 2661 631 2698 castellana
661 2652 836 2701 ss'oiss.
875 2657 1011 2714 diagn.
1054 2659 1107 2713 pl.
1140 2659 1284 2699 orient.
1317 2657 1387 2698 VI.
1422 2660 1512 2699 129.
1545 2671 1594 2698 ex
1625 2671 1717 2699 auc-

60 2729 135 2765 tor.
169 2726 217 2766 cl.
251 2726 294 2766 C.
325 2725 375 2765 H.
409 2726 626 2767 Schultz
659 2726 747 2779 Bip.
780 2748 831 2755 —
862 2725 924 2765 Pl.
957 2740 1041 2766 exs.
1075 2726 1165 2769 coll.
1197 2739 1287 2766 ven.
1321 2739 1358 2766 n.
1391 2727 1485 2766 448.

171 2791 231 2832 Ad
271 2794 480 2833 vinearum
523 2794 733 2849 margines
776 2805 903 2847 prope
935 2792 1094 2833 Daroca
1134 2794 1173 2833 in
1207 2793 1412 2847 Aragonia
1448 2790 1616 2831 australi
1653 2803 1717 2830 co-

61 2859 200 2912 piose3
231 2860 271 2898 in
285 2859 468 2901 Castella
483 2873 589 2902 nova
607 2863 716 2902 circa
731 2858 980 2910 Tarraucbm
1014 2860 1201 2916 Arganda
1218 2859 1401 2911 delRey,
1423 2857 1610 2899 Toletum
1624 2861 1718 2906 etc„

1442 2933 1481 2967 12
