<?xml version="1.0" encoding="UTF-8"?>
<!DOCTYPE html PUBLIC "-//W3C//DTD XHTML 1.0 Transitional//EN"
    "http://www.w3.org/TR/xhtml1/DTD/xhtml1-transitional.dtd">
<html xmlns="http://www.w3.org/1999/xhtml" xml:lang="en" lang="en">
 <head>
  <title>
</title>
<meta http-equiv="Content-Type" content="text/html;charset=utf-8" />
  <meta name='ocr-system' content='tesseract 3.04.00' />
  <meta name='ocr-capabilities' content='ocr_page ocr_carea ocr_par ocr_line ocrx_word'/>
</head>
<body>
  <div class='ocr_page' id='page_1' title='image "./sertumfloraehisp00will_0129.png"; bbox 0 0 1867 3215; ppageno 0'>
   <div class='ocr_carea' id='block_1_1' title="bbox 1590 83 1686 127">
    <p class='ocr_par' dir='ltr' id='par_1_1' title="bbox 1590 83 1686 127">
     <span class='ocr_line' id='line_1_1' title="bbox 1590 83 1686 127; baseline -0.021 0"><span class='ocrx_word' id='word_1_1' title='bbox 1590 83 1686 127; x_wconf 80' lang='lat'><strong>221</strong></span> 
     </span>
    </p>
   </div>
   <div class='ocr_carea' id='block_1_2' title="bbox 39 206 1714 2938">
    <p class='ocr_par' dir='ltr' id='par_1_2' title="bbox 39 206 1698 866">
     <span class='ocr_line' id='line_1_2' title="bbox 154 206 1697 260; baseline -0.004 -8"><span class='ocrx_word' id='word_1_2' title='bbox 154 211 200 251; x_wconf 86' lang='lat' dir='ltr'><strong>In</strong></span> <span class='ocrx_word' id='word_1_3' title='bbox 234 212 407 252; x_wconf 89' lang='lat' dir='ltr'><strong>collibus</strong></span> <span class='ocrx_word' id='word_1_4' title='bbox 438 209 848 251; x_wconf 84' lang='lat' dir='ltr'><strong>arenoso-calcareis</strong></span> <span class='ocrx_word' id='word_1_5' title='bbox 880 209 1007 249; x_wconf 81' lang='lat' dir='ltr'><strong>aridis</strong></span> <span class='ocrx_word' id='word_1_6' title='bbox 1039 211 1079 249; x_wconf 89' lang='lat' dir='ltr'><strong>in</strong></span> <span class='ocrx_word' id='word_1_7' title='bbox 1113 209 1219 248; x_wconf 85' lang='lat' dir='ltr'><strong>valle</strong></span> <span class='ocrx_word' id='word_1_8' title='bbox 1260 207 1372 247; x_wconf 89' lang='lat' dir='ltr'><strong>fluvii</strong></span> <span class='ocrx_word' id='word_1_9' title='bbox 1405 206 1512 260; x_wconf 85' lang='lat' dir='ltr'><strong>Arga</strong></span> <span class='ocrx_word' id='word_1_10' title='bbox 1548 207 1588 245; x_wconf 90' lang='lat' dir='ltr'><strong>in</strong></span> <span class='ocrx_word' id='word_1_11' title='bbox 1617 207 1697 247; x_wconf 86' lang='lat' dir='ltr'><strong>Na-</strong></span> 
     </span>
     <span class='ocr_line' id='line_1_3' title="bbox 43 267 1696 333; baseline -0.004 -16"><span class='ocrx_word' id='word_1_12' title='bbox 43 291 160 318; x_wconf 80' lang='lat' dir='ltr'><strong>varra</strong></span> <span class='ocrx_word' id='word_1_13' title='bbox 190 267 501 333; x_wconf 59' lang='lat' dir='ltr'><strong>septentiionali</strong></span> <span class='ocrx_word' id='word_1_14' title='bbox 545 288 636 317; x_wconf 83' lang='lat' dir='ltr'><strong>raro</strong></span> <span class='ocrx_word' id='word_1_15' title='bbox 687 275 839 324; x_wconf 84' lang='lat' dir='ltr'><strong>(forma</strong></span> <span class='ocrx_word' id='word_1_16' title='bbox 869 277 993 315; x_wconf 84' lang='lat' dir='ltr'><strong>ramis</strong></span> <span class='ocrx_word' id='word_1_17' title='bbox 1017 276 1238 331; x_wconf 80' lang='lat' dir='ltr'><strong>gracilibus</strong></span> <span class='ocrx_word' id='word_1_18' title='bbox 1267 273 1486 328; x_wconf 84' lang='lat' dir='ltr'><strong>elongatis,</strong></span> <span class='ocrx_word' id='word_1_19' title='bbox 1519 273 1696 312; x_wconf 79' lang='lat' dir='ltr'><strong>verticil-</strong></span> 
     </span>
     <span class='ocr_line' id='line_1_4' title="bbox 39 339 1698 394; baseline -0.005 -9"><span class='ocrx_word' id='word_1_20' title='bbox 39 344 179 385; x_wconf 72' lang='lat' dir='ltr'><strong>lustris</strong></span> <span class='ocrx_word' id='word_1_21' title='bbox 208 347 438 385; x_wconf 85' lang='lat' dir='ltr'>numerosis</span> <span class='ocrx_word' id='word_1_22' title='bbox 468 342 715 384; x_wconf 85' lang='lat' dir='ltr'><strong>distantibus</strong></span> <span class='ocrx_word' id='word_1_23' title='bbox 746 343 838 382; x_wconf 83' lang='lat' dir='ltr'><strong>laxe</strong></span> <span class='ocrx_word' id='word_1_24' title='bbox 869 344 1124 392; x_wconf 83' lang='lat' dir='ltr'><strong>racemosis,</strong></span> <span class='ocrx_word' id='word_1_25' title='bbox 1171 342 1340 382; x_wconf 90' lang='lat' dir='ltr'><strong>floribus</strong></span> <span class='ocrx_word' id='word_1_26' title='bbox 1371 341 1492 394; x_wconf 84' lang='lat' dir='ltr'><strong>longe</strong></span> <span class='ocrx_word' id='word_1_27' title='bbox 1521 339 1698 393; x_wconf 86' lang='lat' dir='ltr'><strong>pedicel-</strong></span> 
     </span>
     <span class='ocr_line' id='line_1_5' title="bbox 39 407 1695 461; baseline -0.003 -11"><span class='ocrx_word' id='word_1_28' title='bbox 39 411 148 461; x_wconf 78' lang='lat' dir='ltr'><strong>latis,</strong></span> <span class='ocrx_word' id='word_1_29' title='bbox 181 411 292 452; x_wconf 88' lang='lat' dir='ltr'><strong>foliis</strong></span> <span class='ocrx_word' id='word_1_30' title='bbox 321 412 576 452; x_wconf 85' lang='lat' dir='ltr'><strong>lanceolatis.</strong></span> <span class='ocrx_word' id='word_1_31' title='bbox 636 410 695 449; x_wconf 93' lang='grc' dir='ltr'><strong>ΡΙ.</strong></span> <span class='ocrx_word' id='word_1_32' title='bbox 727 422 812 450; x_wconf 82' lang='lat' dir='ltr'><strong>exs.</strong></span> <span class='ocrx_word' id='word_1_33' title='bbox 843 410 933 449; x_wconf 89' lang='lat' dir='ltr'><strong>coll.</strong></span> <span class='ocrx_word' id='word_1_34' title='bbox 969 423 1059 449; x_wconf 86' lang='lat' dir='ltr'><strong>ven.</strong></span> <span class='ocrx_word' id='word_1_35' title='bbox 1092 423 1131 448; x_wconf 88' lang='lat' dir='ltr'><strong>n.</strong></span> <span class='ocrx_word' id='word_1_36' title='bbox 1164 408 1296 459; x_wconf 81' lang='lat'><strong>226.);</strong></span> <span class='ocrx_word' id='word_1_37' title='bbox 1331 407 1454 446; x_wconf 86' lang='lat' dir='ltr'><strong>etiam</strong></span> <span class='ocrx_word' id='word_1_38' title='bbox 1485 407 1695 445; x_wconf 77' lang='lat' dir='ltr'><strong>inmonte</strong></span> 
     </span>
     <span class='ocr_line' id='line_1_6' title="bbox 39 466 1693 532; baseline -0.004 -14"><span class='ocrx_word' id='word_1_39' title='bbox 39 478 181 519; x_wconf 81' lang='lat' dir='ltr'><strong>Sancti</strong></span> <span class='ocrx_word' id='word_1_40' title='bbox 210 479 385 519; x_wconf 85' lang='lat' dir='ltr'><strong>Joannis</strong></span> <span class='ocrx_word' id='word_1_41' title='bbox 414 479 454 518; x_wconf 91' lang='lat' dir='ltr'><strong>in</strong></span> <span class='ocrx_word' id='word_1_42' title='bbox 486 478 689 532; x_wconf 84' lang='lat' dir='ltr'><strong>Aragonia</strong></span> <span class='ocrx_word' id='word_1_43' title='bbox 728 476 873 528; x_wconf 83' lang='lat' dir='ltr'><strong>(forma</strong></span> <span class='ocrx_word' id='word_1_44' title='bbox 903 477 1014 516; x_wconf 76' lang='lat' dir='ltr'><strong>foliis</strong></span> <span class='ocrx_word' id='word_1_45' title='bbox 1044 466 1363 531; x_wconf 71' lang='lat' dir='ltr'><strong>&#39;angustioribus</strong></span> <span class='ocrx_word' id='word_1_46' title='bbox 1407 475 1539 528; x_wconf 82' lang='lat' dir='ltr'><strong>magis</strong></span> <span class='ocrx_word' id='word_1_47' title='bbox 1578 485 1693 512; x_wconf 89' lang='lat' dir='ltr'><strong>revo-</strong></span> 
     </span>
     <span class='ocr_line' id='line_1_7' title="bbox 42 540 1696 599; baseline -0.004 -15"><span class='ocrx_word' id='word_1_48' title='bbox 42 544 178 596; x_wconf 84' lang='lat' dir='ltr'><strong>lutis);</strong></span> <span class='ocrx_word' id='word_1_49' title='bbox 212 546 252 585; x_wconf 91' lang='lat' dir='ltr'><strong>in</strong></span> <span class='ocrx_word' id='word_1_50' title='bbox 284 546 456 585; x_wconf 91' lang='lat' dir='ltr'><strong>collibus</strong></span> <span class='ocrx_word' id='word_1_51' title='bbox 487 545 714 599; x_wconf 83' lang='lat' dir='ltr'><strong>margaceis</strong></span> <span class='ocrx_word' id='word_1_52' title='bbox 746 543 873 583; x_wconf 88' lang='lat' dir='ltr'><strong>aridis</strong></span> <span class='ocrx_word' id='word_1_53' title='bbox 903 556 1030 597; x_wconf 82' lang='lat' dir='ltr'><strong>prope</strong></span> <span class='ocrx_word' id='word_1_54' title='bbox 1045 542 1227 582; x_wconf 84' lang='lat' dir='ltr'><strong>Liedena</strong></span> <span class='ocrx_word' id='word_1_55' title='bbox 1256 545 1297 581; x_wconf 91' lang='lat' dir='ltr'><strong>et</strong></span> <span class='ocrx_word' id='word_1_56' title='bbox 1328 541 1425 581; x_wconf 83' lang='lat' dir='ltr'><strong>alibi</strong></span> <span class='ocrx_word' id='word_1_57' title='bbox 1457 542 1496 579; x_wconf 91' lang='lat' dir='ltr'><strong>in</strong></span> <span class='ocrx_word' id='word_1_58' title='bbox 1514 540 1696 579; x_wconf 81' lang='lat' dir='ltr'><strong>Navarra</strong></span> 
     </span>
     <span class='ocr_line' id='line_1_8' title="bbox 39 607 1695 663; baseline -0.004 -11"><span class='ocrx_word' id='word_1_59' title='bbox 39 613 287 662; x_wconf 81' lang='lat' dir='ltr'><strong>australiori,</strong></span> <span class='ocrx_word' id='word_1_60' title='bbox 318 615 359 652; x_wconf 91' lang='lat' dir='ltr'><strong>in</strong></span> <span class='ocrx_word' id='word_1_61' title='bbox 390 612 496 652; x_wconf 88' lang='lat' dir='ltr'><strong>valle</strong></span> <span class='ocrx_word' id='word_1_62' title='bbox 526 611 637 651; x_wconf 90' lang='lat' dir='ltr'><strong>fluvii</strong></span> <span class='ocrx_word' id='word_1_63' title='bbox 669 612 847 663; x_wconf 86' lang='lat' dir='ltr'><strong>Aragon,</strong></span> <span class='ocrx_word' id='word_1_64' title='bbox 879 613 919 649; x_wconf 91' lang='lat' dir='ltr'><strong>in</strong></span> <span class='ocrx_word' id='word_1_65' title='bbox 951 613 1089 649; x_wconf 88' lang='lat' dir='ltr'><strong>monte</strong></span> <span class='ocrx_word' id='word_1_66' title='bbox 1119 609 1231 649; x_wconf 83' lang='lat' dir='ltr'><strong>Pena</strong></span> <span class='ocrx_word' id='word_1_67' title='bbox 1260 607 1310 647; x_wconf 87' lang='lat' dir='ltr'><strong>de</strong></span> <span class='ocrx_word' id='word_1_68' title='bbox 1341 607 1475 653; x_wconf 68' lang='lat' dir='ltr'><strong>Oroel,</strong></span> <span class='ocrx_word' id='word_1_69' title='bbox 1507 608 1547 646; x_wconf 89' lang='lat' dir='ltr'><strong>in</strong></span> <span class='ocrx_word' id='word_1_70' title='bbox 1571 607 1695 660; x_wconf 87' lang='lat' dir='ltr'><strong>Pyre-</strong></span> 
     </span>
     <span class='ocr_line' id='line_1_9' title="bbox 42 674 1694 732; baseline -0.003 -14"><span class='ocrx_word' id='word_1_71' title='bbox 42 680 159 719; x_wconf 81' lang='lat' dir='ltr'><strong>naeis</strong></span> <span class='ocrx_word' id='word_1_72' title='bbox 192 692 323 732; x_wconf 90' lang='lat' dir='ltr'><strong>usque</strong></span> <span class='ocrx_word' id='word_1_73' title='bbox 354 678 403 719; x_wconf 82' lang='lat' dir='ltr'><strong>ad</strong></span> <span class='ocrx_word' id='word_1_74' title='bbox 434 680 560 720; x_wconf 82' lang='lat'>4000‘</span> <span class='ocrx_word' id='word_1_75' title='bbox 594 682 634 718; x_wconf 80' lang='lat' dir='ltr'><strong>et</strong></span> <span class='ocrx_word' id='word_1_76' title='bbox 664 674 761 721; x_wconf 73' lang='lat' dir='ltr'><strong>aiibi</strong></span> <span class='ocrx_word' id='word_1_77' title='bbox 790 680 830 717; x_wconf 92' lang='lat' dir='ltr'><strong>in</strong></span> <span class='ocrx_word' id='word_1_78' title='bbox 850 679 1054 732; x_wconf 78' lang='lat' dir='ltr'><strong>Aragonia</strong></span> <span class='ocrx_word' id='word_1_79' title='bbox 1083 677 1311 729; x_wconf 70' lang='lat' dir='ltr'><strong>superiore,</strong></span> <span class='ocrx_word' id='word_1_80' title='bbox 1344 676 1463 713; x_wconf 70' lang='lat' dir='ltr'><strong>etiam</strong></span> <span class='ocrx_word' id='word_1_81' title='bbox 1498 675 1535 712; x_wconf 89' lang='lat' dir='ltr'><strong>in</strong></span> <span class='ocrx_word' id='word_1_82' title='bbox 1555 675 1694 713; x_wconf 89' lang='lat' dir='ltr'><strong>Sierra</strong></span> 
     </span>
     <span class='ocr_line' id='line_1_10' title="bbox 43 741 1695 800; baseline -0.004 -14"><span class='ocrx_word' id='word_1_83' title='bbox 43 745 93 786; x_wconf 86' lang='lat' dir='ltr'><strong>de</strong></span> <span class='ocrx_word' id='word_1_84' title='bbox 140 745 342 799; x_wconf 88' lang='lat' dir='ltr'><strong>Moncayo</strong></span> <span class='ocrx_word' id='word_1_85' title='bbox 388 745 533 797; x_wconf 85' lang='lat' dir='ltr'><strong>(forma</strong></span> <span class='ocrx_word' id='word_1_86' title='bbox 581 744 848 800; x_wconf 85' lang='lat' dir='ltr'><strong>angustifolia</strong></span> <span class='ocrx_word' id='word_1_87' title='bbox 892 743 1165 790; x_wconf 84' lang='lat' dir='ltr'><strong>condensata,</strong></span> <span class='ocrx_word' id='word_1_88' title='bbox 1213 741 1514 780; x_wconf 78' lang='lat' dir='ltr'><strong>verticillastris</strong></span> <span class='ocrx_word' id='word_1_89' title='bbox 1554 742 1695 793; x_wconf 84' lang='lat' dir='ltr'><strong>paucis</strong></span> 
     </span>
     <span class='ocr_line' id='line_1_11' title="bbox 45 807 1660 866; baseline -0.003 -14"><span class='ocrx_word' id='word_1_90' title='bbox 45 814 249 866; x_wconf 80' lang='lat' dir='ltr'><strong>capitatis.</strong></span> <span class='ocrx_word' id='word_1_91' title='bbox 310 813 368 853; x_wconf 87' lang='lat' dir='ltr'><strong>Pl.</strong></span> <span class='ocrx_word' id='word_1_92' title='bbox 402 827 486 854; x_wconf 78' lang='lat' dir='ltr'><strong>exS.</strong></span> <span class='ocrx_word' id='word_1_93' title='bbox 518 812 610 851; x_wconf 89' lang='lat' dir='ltr'><strong>coll.</strong></span> <span class='ocrx_word' id='word_1_94' title='bbox 643 826 733 851; x_wconf 81' lang='lat' dir='ltr'><strong>ven.</strong></span> <span class='ocrx_word' id='word_1_95' title='bbox 768 826 805 850; x_wconf 88' lang='lat' dir='ltr'><strong>n.</strong></span> <span class='ocrx_word' id='word_1_96' title='bbox 839 814 920 852; x_wconf 81' lang='lat'><strong>296</strong></span> <span class='ocrx_word' id='word_1_97' title='bbox 951 825 1001 850; x_wconf 84' lang='lat' dir='ltr'><strong>ex</strong></span> <span class='ocrx_word' id='word_1_98' title='bbox 1032 814 1147 863; x_wconf 85' lang='lat' dir='ltr'><strong>parte</strong></span> <span class='ocrx_word' id='word_1_99' title='bbox 1162 809 1189 860; x_wconf 75' lang='lat' dir='ltr'><strong>l)</strong></span> <span class='ocrx_word' id='word_1_100' title='bbox 1218 808 1357 856; x_wconf 87' lang='lat' dir='ltr'><strong>Junio,</strong></span> <span class='ocrx_word' id='word_1_101' title='bbox 1391 807 1474 847; x_wconf 84' lang='lat' dir='ltr'><strong>Jul.</strong></span> <span class='ocrx_word' id='word_1_102' title='bbox 1508 822 1540 846; x_wconf 89' lang='lat' dir='ltr'><strong>c.</strong></span> <span class='ocrx_word' id='word_1_103' title='bbox 1573 807 1660 848; x_wconf 88' lang='lat' dir='ltr'><strong>ssor.</strong></span> 
     </span>
    </p>

    <p class='ocr_par' dir='ltr' id='par_1_3' title="bbox 39 874 1696 1187">
     <span class='ocr_line' id='line_1_12' title="bbox 155 874 1695 932; baseline -0.003 -15"><span class='ocrx_word' id='word_1_104' title='bbox 155 878 247 918; x_wconf 80' lang='lat' dir='ltr'><strong>Obs.</strong></span> <span class='ocrx_word' id='word_1_105' title='bbox 309 880 481 932; x_wconf 82' lang='lat' dir='ltr'>Species</span> <span class='ocrx_word' id='word_1_106' title='bbox 526 878 643 918; x_wconf 87' lang='lat' dir='ltr'><strong>valde</strong></span> <span class='ocrx_word' id='word_1_107' title='bbox 688 877 956 930; x_wconf 85' lang='lat' dir='ltr'><strong>polymorpha</strong></span> <span class='ocrx_word' id='word_1_108' title='bbox 1002 875 1134 930; x_wconf 85' lang='lat' dir='ltr'><strong>quoad</strong></span> <span class='ocrx_word' id='word_1_109' title='bbox 1190 875 1379 914; x_wconf 84' lang='lat' dir='ltr'><strong>foliorum</strong></span> <span class='ocrx_word' id='word_1_110' title='bbox 1425 874 1695 924; x_wconf 84' lang='lat' dir='ltr'><strong>latitudinem,</strong></span> 
     </span>
     <span class='ocr_line' id='line_1_13' title="bbox 44 939 1695 999; baseline -0.003 -13"><span class='ocrx_word' id='word_1_111' title='bbox 44 946 422 986; x_wconf 85' lang='lat' dir='ltr'><strong>verticillastrorum</strong></span> <span class='ocrx_word' id='word_1_112' title='bbox 454 945 763 999; x_wconf 75' lang='lat' dir='ltr'><strong>dispositionem</strong></span> <span class='ocrx_word' id='word_1_113' title='bbox 797 948 1004 997; x_wconf 75' lang='lat' dir='ltr'><strong>totumque</strong></span> <span class='ocrx_word' id='word_1_114' title='bbox 1035 941 1245 982; x_wconf 87' lang='lat' dir='ltr'><strong>crescendi</strong></span> <span class='ocrx_word' id='word_1_115' title='bbox 1277 941 1451 981; x_wconf 89' lang='lat' dir='ltr'><strong>modum.</strong></span> <span class='ocrx_word' id='word_1_116' title='bbox 1507 939 1624 981; x_wconf 84' lang='lat' dir='ltr'><strong>Folia</strong></span> <span class='ocrx_word' id='word_1_117' title='bbox 1654 943 1695 981; x_wconf 89' lang='lat' dir='ltr'><strong>in</strong></span> 
     </span>
     <span class='ocr_line' id='line_1_14' title="bbox 39 1008 1696 1067; baseline -0.003 -14"><span class='ocrx_word' id='word_1_118' title='bbox 39 1015 166 1067; x_wconf 84' lang='lat' dir='ltr'><strong>stirpe</strong></span> <span class='ocrx_word' id='word_1_119' title='bbox 197 1014 342 1053; x_wconf 81' lang='lat' dir='ltr'><strong>saitem</strong></span> <span class='ocrx_word' id='word_1_120' title='bbox 375 1012 600 1066; x_wconf 85' lang='lat' dir='ltr'><strong>hispanica,</strong></span> <span class='ocrx_word' id='word_1_121' title='bbox 633 1026 750 1066; x_wconf 84' lang='lat' dir='ltr'><strong>quam</strong></span> <span class='ocrx_word' id='word_1_122' title='bbox 784 1011 976 1064; x_wconf 88' lang='lat' dir='ltr'><strong>possideo</strong></span> <span class='ocrx_word' id='word_1_123' title='bbox 1010 1009 1344 1049; x_wconf 81' lang='lat' dir='ltr'><strong>ediversissimis</strong></span> <span class='ocrx_word' id='word_1_124' title='bbox 1367 1008 1608 1060; x_wconf 85' lang='lat' dir='ltr'><strong>peninsulae</strong></span> <span class='ocrx_word' id='word_1_125' title='bbox 1633 1022 1696 1048; x_wconf 88' lang='lat' dir='ltr'><strong>re-</strong></span> 
     </span>
     <span class='ocr_line' id='line_1_15' title="bbox 39 1073 1694 1134; baseline -0.002 -15"><span class='ocrx_word' id='word_1_126' title='bbox 39 1081 244 1134; x_wconf 83' lang='lat' dir='ltr'><strong>gionibus.</strong></span> <span class='ocrx_word' id='word_1_127' title='bbox 277 1093 440 1132; x_wconf 84' lang='lat' dir='ltr'><strong>semper</strong></span> <span class='ocrx_word' id='word_1_128' title='bbox 469 1079 548 1119; x_wconf 91' lang='lat' dir='ltr'><strong>vidi</strong></span> <span class='ocrx_word' id='word_1_129' title='bbox 579 1080 845 1119; x_wconf 82' lang='lat' dir='ltr'><strong>obtusissima</strong></span> <span class='ocrx_word' id='word_1_130' title='bbox 875 1092 1008 1131; x_wconf 90' lang='lat' dir='ltr'><strong>neque</strong></span> <span class='ocrx_word' id='word_1_131' title='bbox 1041 1080 1173 1125; x_wconf 84' lang='lat' dir='ltr'><strong>acuta,</strong></span> <span class='ocrx_word' id='word_1_132' title='bbox 1205 1079 1248 1114; x_wconf 82' lang='lat' dir='ltr'><strong>ut</strong></span> <span class='ocrx_word' id='word_1_133' title='bbox 1274 1073 1451 1114; x_wconf 80' lang='lat' dir='ltr'><strong>afferunt</strong></span> <span class='ocrx_word' id='word_1_134' title='bbox 1483 1075 1530 1114; x_wconf 89' lang='lat' dir='ltr'><strong>cl.</strong></span> <span class='ocrx_word' id='word_1_135' title='bbox 1556 1074 1694 1115; x_wconf 84' lang='lat' dir='ltr'><strong>Koch</strong></span> 
     </span>
     <span class='ocr_line' id='line_1_16' title="bbox 40 1146 376 1187; baseline -0.003 0"><span class='ocrx_word' id='word_1_136' title='bbox 40 1151 80 1187; x_wconf 86' lang='lat' dir='ltr'><strong>et</strong></span> <span class='ocrx_word' id='word_1_137' title='bbox 111 1146 376 1186; x_wconf 87' lang='lat' dir='ltr'><strong>Bentham.</strong></span> 
     </span>
    </p>

    <p class='ocr_par' dir='ltr' id='par_1_4' title="bbox 41 1209 1697 1332">
     <span class='ocr_line' id='line_1_17' title="bbox 154 1209 1697 1264; baseline -0.004 -9"><span class='ocrx_word' id='word_1_138' title='bbox 154 1217 248 1255; x_wconf 76' lang='lat'>804.</span> <span class='ocrx_word' id='word_1_139' title='bbox 313 1212 391 1253; x_wconf 83' lang='grc' dir='ltr'><strong><em>ΤΙι.</em></strong></span> <span class='ocrx_word' id='word_1_140' title='bbox 425 1212 638 1263; x_wconf 81' lang='lat' dir='ltr'><strong>Piperella</strong></span> <span class='ocrx_word' id='word_1_141' title='bbox 670 1213 713 1253; x_wconf 86' lang='lat' dir='ltr'><strong>L.</strong></span> <span class='ocrx_word' id='word_1_142' title='bbox 746 1212 892 1252; x_wconf 79' lang='lat' dir='ltr'><strong>Bemh.</strong></span> <span class='ocrx_word' id='word_1_143' title='bbox 926 1213 950 1251; x_wconf 95' lang='lat' dir='ltr'><strong>l.</strong></span> <span class='ocrx_word' id='word_1_144' title='bbox 970 1226 1001 1252; x_wconf 88' lang='lat' dir='ltr'><strong>c.</strong></span> <span class='ocrx_word' id='word_1_145' title='bbox 1036 1226 1073 1264; x_wconf 82' lang='lat' dir='ltr'><strong>p.</strong></span> <span class='ocrx_word' id='word_1_146' title='bbox 1091 1214 1182 1252; x_wconf 77' lang='lat'><strong>200.</strong></span> <span class='ocrx_word' id='word_1_147' title='bbox 1214 1234 1268 1240; x_wconf 89' lang='lat'><em>-</em></span> <span class='ocrx_word' id='word_1_148' title='bbox 1297 1209 1357 1248; x_wconf 91' lang='lat' dir='ltr'><strong>Pl.</strong></span> <span class='ocrx_word' id='word_1_149' title='bbox 1391 1209 1697 1249; x_wconf 83' lang='lat' dir='ltr'><strong>exs.c0ll.ven.</strong></span> 
     </span>
     <span class='ocr_line' id='line_1_18' title="bbox 41 1279 1084 1332; baseline -0.002 -11"><span class='ocrx_word' id='word_1_150' title='bbox 41 1295 79 1321; x_wconf 87' lang='lat' dir='ltr'><strong>n.</strong></span> <span class='ocrx_word' id='word_1_151' title='bbox 113 1285 194 1323; x_wconf 78' lang='lat'><strong>523</strong></span> <span class='ocrx_word' id='word_1_152' title='bbox 225 1280 299 1320; x_wconf 87' lang='lat' dir='ltr'><strong>sub</strong></span> <span class='ocrx_word' id='word_1_153' title='bbox 334 1282 499 1320; x_wconf 87' lang='lat' dir='ltr'><strong>nomine</strong></span> <span class='ocrx_word' id='word_1_154' title='bbox 530 1280 811 1320; x_wconf 82' lang='lat' dir='ltr'><strong>Calaminthae</strong></span> <span class='ocrx_word' id='word_1_155' title='bbox 842 1279 1084 1332; x_wconf 86' lang='lat' dir='ltr'><strong>Piperellae.</strong></span> 
     </span>
    </p>

    <p class='ocr_par' dir='ltr' id='par_1_5' title="bbox 41 1342 1699 1538">
     <span class='ocr_line' id='line_1_19' title="bbox 153 1342 1699 1402; baseline -0.003 -15"><span class='ocrx_word' id='word_1_156' title='bbox 153 1348 199 1387; x_wconf 88' lang='lat' dir='ltr'><strong>In</strong></span> <span class='ocrx_word' id='word_1_157' title='bbox 233 1351 347 1402; x_wconf 83' lang='lat' dir='ltr'><strong>parte</strong></span> <span class='ocrx_word' id='word_1_158' title='bbox 379 1347 572 1387; x_wconf 86' lang='lat' dir='ltr'><strong>inferiore</strong></span> <span class='ocrx_word' id='word_1_159' title='bbox 619 1349 766 1386; x_wconf 90' lang='lat' dir='ltr'><strong>montis</strong></span> <span class='ocrx_word' id='word_1_160' title='bbox 797 1348 939 1386; x_wconf 86' lang='lat' dir='ltr'><strong>Sierra</strong></span> <span class='ocrx_word' id='word_1_161' title='bbox 984 1345 1033 1384; x_wconf 86' lang='lat' dir='ltr'><strong>de</strong></span> <span class='ocrx_word' id='word_1_162' title='bbox 1065 1344 1192 1384; x_wconf 83' lang='lat' dir='ltr'><strong>Gbiva</strong></span> <span class='ocrx_word' id='word_1_163' title='bbox 1235 1346 1355 1394; x_wconf 80' lang='lat' dir='ltr'><strong>atque</strong></span> <span class='ocrx_word' id='word_1_164' title='bbox 1404 1343 1443 1380; x_wconf 92' lang='lat' dir='ltr'><strong>in</strong></span> <span class='ocrx_word' id='word_1_165' title='bbox 1493 1342 1699 1382; x_wconf 88' lang='lat' dir='ltr'><strong>montibus</strong></span> 
     </span>
     <span class='ocr_line' id='line_1_20' title="bbox 42 1407 1698 1466; baseline -0.002 -11"><span class='ocrx_word' id='word_1_166' title='bbox 42 1416 240 1456; x_wconf 86' lang='lat' dir='ltr'><strong>calcareis</strong></span> <span class='ocrx_word' id='word_1_167' title='bbox 285 1417 389 1464; x_wconf 86' lang='lat' dir='ltr'><strong>inter</strong></span> <span class='ocrx_word' id='word_1_168' title='bbox 416 1414 556 1464; x_wconf 86' lang='lat' dir='ltr'><strong>Chiva,</strong></span> <span class='ocrx_word' id='word_1_169' title='bbox 589 1407 720 1453; x_wconf 86' lang='lat' dir='ltr'><strong>Bunol</strong></span> <span class='ocrx_word' id='word_1_170' title='bbox 753 1417 792 1453; x_wconf 89' lang='lat' dir='ltr'><strong>et</strong></span> <span class='ocrx_word' id='word_1_171' title='bbox 824 1413 1023 1466; x_wconf 78' lang='lat' dir='ltr'><strong>chuena</strong></span> <span class='ocrx_word' id='word_1_172' title='bbox 1053 1413 1093 1450; x_wconf 91' lang='lat' dir='ltr'><strong>in</strong></span> <span class='ocrx_word' id='word_1_173' title='bbox 1124 1423 1251 1466; x_wconf 88' lang='lat' dir='ltr'><strong>regno</strong></span> <span class='ocrx_word' id='word_1_174' title='bbox 1268 1409 1487 1449; x_wconf 79' lang='lat' dir='ltr'><strong>Valentino</strong></span> <span class='ocrx_word' id='word_1_175' title='bbox 1520 1410 1698 1462; x_wconf 80' lang='lat' dir='ltr'><strong>copiose.</strong></span> 
     </span>
     <span class='ocr_line' id='line_1_21' title="bbox 41 1482 327 1538; baseline -0.007 -14"><span class='ocrx_word' id='word_1_176' title='bbox 41 1485 142 1538; x_wconf 86' lang='lat' dir='ltr'><strong>Aug.</strong></span> <span class='ocrx_word' id='word_1_177' title='bbox 176 1497 208 1524; x_wconf 90' lang='lat' dir='ltr'><strong>c.</strong></span> <span class='ocrx_word' id='word_1_178' title='bbox 240 1482 327 1522; x_wconf 81' lang='lat' dir='ltr'><strong>flor.</strong></span> 
     </span>
    </p>

    <p class='ocr_par' dir='ltr' id='par_1_6' title="bbox 44 1543 1714 2205">
     <span class='ocr_line' id='line_1_22' title="bbox 159 1543 1698 1598; baseline -0.003 -9"><span class='ocrx_word' id='word_1_179' title='bbox 159 1549 252 1588; x_wconf 61' lang='lat' dir='ltr'><strong>Oba.</strong></span> <span class='ocrx_word' id='word_1_180' title='bbox 313 1551 345 1589; x_wconf 86' lang='lat' dir='ltr'><strong>A</strong></span> <span class='ocrx_word' id='word_1_181' title='bbox 393 1548 693 1598; x_wconf 68' lang='lat' dir='ltr'><strong>T12.Serpysslo</strong></span> <span class='ocrx_word' id='word_1_182' title='bbox 724 1546 784 1594; x_wconf 88' lang='lat' dir='ltr'><strong>L.,</strong></span> <span class='ocrx_word' id='word_1_183' title='bbox 832 1547 896 1585; x_wconf 90' lang='lat' dir='ltr'><strong>cui</strong></span> <span class='ocrx_word' id='word_1_184' title='bbox 938 1543 1103 1584; x_wconf 87' lang='lat' dir='ltr'><strong>affinem</strong></span> <span class='ocrx_word' id='word_1_185' title='bbox 1146 1544 1247 1584; x_wconf 79' lang='lat' dir='ltr'><strong>hane</strong></span> <span class='ocrx_word' id='word_1_186' title='bbox 1288 1545 1466 1597; x_wconf 86' lang='lat' dir='ltr'><strong>speciem</strong></span> <span class='ocrx_word' id='word_1_187' title='bbox 1510 1544 1605 1583; x_wconf 87' lang='lat' dir='ltr'><strong>dicit</strong></span> <span class='ocrx_word' id='word_1_188' title='bbox 1649 1545 1698 1585; x_wconf 82' lang='lat' dir='ltr'><strong>cl.</strong></span> 
     </span>
     <span class='ocr_line' id='line_1_23' title="bbox 44 1600 1699 1663; baseline -0.003 -7"><span class='ocrx_word' id='word_1_189' title='bbox 44 1616 330 1663; x_wconf 83' lang='lat' dir='ltr'><strong>Bentham,</strong></span> <span class='ocrx_word' id='word_1_190' title='bbox 361 1615 522 1655; x_wconf 86' lang='lat' dir='ltr'><strong>abunde</strong></span> <span class='ocrx_word' id='word_1_191' title='bbox 555 1614 689 1654; x_wconf 81' lang='lat' dir='ltr'><strong>differt</strong></span> <span class='ocrx_word' id='word_1_192' title='bbox 719 1615 845 1652; x_wconf 86' lang='lat' dir='ltr'><strong>ramis</strong></span> <span class='ocrx_word' id='word_1_193' title='bbox 878 1600 1027 1652; x_wconf 66' lang='lat' dir='ltr'><strong>erectis</strong></span> <span class='ocrx_word' id='word_1_194' title='bbox 1059 1611 1282 1660; x_wconf 81' lang='lat' dir='ltr'><strong>fruticosis,</strong></span> <span class='ocrx_word' id='word_1_195' title='bbox 1316 1611 1425 1650; x_wconf 90' lang='lat' dir='ltr'><strong>foliis</strong></span> <span class='ocrx_word' id='word_1_196' title='bbox 1443 1613 1593 1650; x_wconf 87' lang='lat' dir='ltr'><strong>crassis</strong></span> <span class='ocrx_word' id='word_1_197' title='bbox 1611 1625 1699 1651; x_wconf 88' lang='lat' dir='ltr'><strong>ner-</strong></span> 
     </span>
     <span class='ocr_line' id='line_1_24' title="bbox 46 1678 1698 1736; baseline -0.003 -13"><span class='ocrx_word' id='word_1_198' title='bbox 46 1685 158 1723; x_wconf 87' lang='lat' dir='ltr'><strong>vosis</strong></span> <span class='ocrx_word' id='word_1_199' title='bbox 189 1685 337 1723; x_wconf 80' lang='lat' dir='ltr'><strong>eximie</strong></span> <span class='ocrx_word' id='word_1_200' title='bbox 369 1682 639 1736; x_wconf 53' lang='lat' dir='ltr'><strong>glandulosis,</strong></span> <span class='ocrx_word' id='word_1_201' title='bbox 671 1681 970 1719; x_wconf 74' lang='lat' dir='ltr'><strong>verticillastris</strong></span> <span class='ocrx_word' id='word_1_202' title='bbox 1002 1680 1124 1732; x_wconf 83' lang='lat' dir='ltr'><strong>longe</strong></span> <span class='ocrx_word' id='word_1_203' title='bbox 1157 1679 1331 1731; x_wconf 82' lang='lat' dir='ltr'><strong>laxeque</strong></span> <span class='ocrx_word' id='word_1_204' title='bbox 1361 1679 1551 1730; x_wconf 81' lang='lat' dir='ltr'><strong>spicatis,</strong></span> <span class='ocrx_word' id='word_1_205' title='bbox 1592 1678 1698 1718; x_wconf 85' lang='lat' dir='ltr'><strong>flori-</strong></span> 
     </span>
     <span class='ocr_line' id='line_1_25' title="bbox 44 1745 1698 1805; baseline -0.004 -15"><span class='ocrx_word' id='word_1_206' title='bbox 44 1751 119 1790; x_wconf 86' lang='lat' dir='ltr'><strong>bus</strong></span> <span class='ocrx_word' id='word_1_207' title='bbox 148 1751 271 1805; x_wconf 88' lang='lat' dir='ltr'><strong>longe</strong></span> <span class='ocrx_word' id='word_1_208' title='bbox 302 1749 572 1802; x_wconf 86' lang='lat' dir='ltr'><strong>pedicellatis,</strong></span> <span class='ocrx_word' id='word_1_209' title='bbox 603 1748 767 1787; x_wconf 83' lang='lat' dir='ltr'><strong>corollis</strong></span> <span class='ocrx_word' id='word_1_210' title='bbox 801 1747 923 1785; x_wconf 69' lang='lat' dir='ltr'><strong>multo</strong></span> <span class='ocrx_word' id='word_1_211' title='bbox 969 1745 1191 1799; x_wconf 86' lang='lat' dir='ltr'><strong>majoribus</strong></span> <span class='ocrx_word' id='word_1_212' title='bbox 1236 1746 1698 1798; x_wconf 85' lang='lat' dir='ltr'><strong>purpureo-coeruleis,</strong></span> 
     </span>
     <span class='ocr_line' id='line_1_26' title="bbox 46 1809 1698 1869; baseline -0.003 -12"><span class='ocrx_word' id='word_1_213' title='bbox 46 1818 140 1857; x_wconf 84' lang='lat' dir='ltr'><strong>tubo</strong></span> <span class='ocrx_word' id='word_1_214' title='bbox 173 1817 349 1856; x_wconf 88' lang='lat' dir='ltr'><strong>corollae</strong></span> <span class='ocrx_word' id='word_1_215' title='bbox 381 1816 559 1869; x_wconf 82' lang='lat' dir='ltr'><strong>calycem</strong></span> <span class='ocrx_word' id='word_1_216' title='bbox 592 1816 695 1854; x_wconf 83' lang='lat' dir='ltr'><strong>satis</strong></span> <span class='ocrx_word' id='word_1_217' title='bbox 728 1817 948 1865; x_wconf 78' lang='lat' dir='ltr'><strong>superante</strong></span> <span class='ocrx_word' id='word_1_218' title='bbox 978 1817 1145 1865; x_wconf 85' lang='lat' dir='ltr'><strong>totoque</strong></span> <span class='ocrx_word' id='word_1_219' title='bbox 1177 1810 1326 1855; x_wconf 74' lang='lat' dir='ltr'><strong>babitu.</strong></span> <span class='ocrx_word' id='word_1_220' title='bbox 1360 1809 1566 1851; x_wconf 82' lang='lat' dir='ltr'><strong>Suffrutex</strong></span> <span class='ocrx_word' id='word_1_221' title='bbox 1586 1825 1698 1852; x_wconf 87' lang='lat' dir='ltr'><strong>caes-</strong></span> 
     </span>
     <span class='ocr_line' id='line_1_27' title="bbox 46 1878 1714 1938; baseline -0.002 -14"><span class='ocrx_word' id='word_1_222' title='bbox 46 1886 206 1938; x_wconf 89' lang='lat' dir='ltr'><strong>pitosus</strong></span> <span class='ocrx_word' id='word_1_223' title='bbox 237 1883 394 1937; x_wconf 86' lang='lat' dir='ltr'><strong>pedalis</strong></span> <span class='ocrx_word' id='word_1_224' title='bbox 426 1883 514 1922; x_wconf 87' lang='lat' dir='ltr'><strong>basi</strong></span> <span class='ocrx_word' id='word_1_225' title='bbox 544 1880 661 1921; x_wconf 83' lang='lat' dir='ltr'><strong>valde</strong></span> <span class='ocrx_word' id='word_1_226' title='bbox 694 1881 899 1934; x_wconf 59' lang='lat' dir='ltr'><strong>lignosus}</strong></span> <span class='ocrx_word' id='word_1_227' title='bbox 966 1880 1201 1932; x_wconf 88' lang='lat' dir='ltr'><strong>Specimina</strong></span> <span class='ocrx_word' id='word_1_228' title='bbox 1232 1891 1323 1918; x_wconf 77' lang='lat' dir='ltr'><strong>mea</strong></span> <span class='ocrx_word' id='word_1_229' title='bbox 1353 1891 1441 1917; x_wconf 89' lang='lat' dir='ltr'><strong>cum</strong></span> <span class='ocrx_word' id='word_1_230' title='bbox 1473 1878 1714 1931; x_wconf 78' lang='lat' dir='ltr'><strong>specimine</strong></span> 
     </span>
     <span class='ocr_line' id='line_1_28' title="bbox 46 1945 1698 2001; baseline -0.001 -11"><span class='ocrx_word' id='word_1_231' title='bbox 46 1951 280 1991; x_wconf 85' lang='lat' dir='ltr'><strong>authentico</strong></span> <span class='ocrx_word' id='word_1_232' title='bbox 311 1963 334 1989; x_wconf 86' lang='lat' dir='ltr'><strong>a</strong></span> <span class='ocrx_word' id='word_1_233' title='bbox 366 1950 414 1989; x_wconf 86' lang='lat' dir='ltr'><strong>cl.</strong></span> <span class='ocrx_word' id='word_1_234' title='bbox 446 1950 618 1989; x_wconf 82' lang='lat' dir='ltr'><strong>Pavon</strong></span> <span class='ocrx_word' id='word_1_235' title='bbox 652 1960 778 2001; x_wconf 83' lang='lat' dir='ltr'><strong>prope</strong></span> <span class='ocrx_word' id='word_1_236' title='bbox 809 1947 940 1986; x_wconf 82' lang='lat' dir='ltr'><strong>Bunol</strong></span> <span class='ocrx_word' id='word_1_237' title='bbox 971 1947 1099 1995; x_wconf 80' lang='lat' dir='ltr'><strong>lecto,</strong></span> <span class='ocrx_word' id='word_1_238' title='bbox 1141 1945 1247 1998; x_wconf 84' lang='lat' dir='ltr'><strong>quod</strong></span> <span class='ocrx_word' id='word_1_239' title='bbox 1276 1945 1467 1999; x_wconf 88' lang='lat' dir='ltr'><strong>possideo</strong></span> <span class='ocrx_word' id='word_1_240' title='bbox 1506 1960 1554 1985; x_wconf 83' lang='lat' dir='ltr'><strong>ex</strong></span> <span class='ocrx_word' id='word_1_241' title='bbox 1586 1946 1698 1989; x_wconf 84' lang='lat' dir='ltr'><strong>herb.</strong></span> 
     </span>
     <span class='ocr_line' id='line_1_29' title="bbox 47 2012 1714 2068; baseline -0.002 -11"><span class='ocrx_word' id='word_1_242' title='bbox 47 2018 344 2066; x_wconf 88' lang='lat' dir='ltr'><strong>Boutelouano,</strong></span> <span class='ocrx_word' id='word_1_243' title='bbox 376 2018 539 2056; x_wconf 89' lang='lat' dir='ltr'><strong>omnino</strong></span> <span class='ocrx_word' id='word_1_244' title='bbox 573 2019 813 2068; x_wconf 85' lang='lat' dir='ltr'><strong>congruunt.</strong></span> <span class='ocrx_word' id='word_1_245' title='bbox 887 2015 918 2052; x_wconf 84' lang='lat' dir='ltr'>A</span> <span class='ocrx_word' id='word_1_246' title='bbox 952 2012 1216 2051; x_wconf 71' lang='lat' dir='ltr'><strong>calaminum</strong></span> <span class='ocrx_word' id='word_1_247' title='bbox 1246 2012 1464 2062; x_wconf 74' lang='lat' dir='ltr'><strong>Piperella</strong></span> <span class='ocrx_word' id='word_1_248' title='bbox 1506 2013 1714 2065; x_wconf 57' lang='lat' dir='ltr'><strong>Benth,</strong></span> 
     </span>
     <span class='ocr_line' id='line_1_30' title="bbox 47 2079 1703 2135; baseline -0.001 -11"><span class='ocrx_word' id='word_1_249' title='bbox 47 2086 111 2125; x_wconf 88' lang='lat' dir='ltr'><strong>cui</strong></span> <span class='ocrx_word' id='word_1_250' title='bbox 143 2084 281 2124; x_wconf 82' lang='lat' dir='ltr'><strong>habitu</strong></span> <span class='ocrx_word' id='word_1_251' title='bbox 314 2084 482 2133; x_wconf 88' lang='lat' dir='ltr'><strong>similis,</strong></span> <span class='ocrx_word' id='word_1_252' title='bbox 526 2082 661 2122; x_wconf 79' lang='lat' dir='ltr'><strong>differt</strong></span> <span class='ocrx_word' id='word_1_253' title='bbox 691 2081 802 2121; x_wconf 86' lang='lat' dir='ltr'><strong>foliis</strong></span> <span class='ocrx_word' id='word_1_254' title='bbox 835 2080 1025 2120; x_wconf 80' lang='lat' dir='ltr'><strong>distincte</strong></span> <span class='ocrx_word' id='word_1_255' title='bbox 1056 2079 1287 2133; x_wconf 76' lang='lat' dir='ltr'><strong>petiolatis,</strong></span> <span class='ocrx_word' id='word_1_256' title='bbox 1330 2079 1537 2130; x_wconf 81' lang='lat' dir='ltr'><strong>calycibus</strong></span> <span class='ocrx_word' id='word_1_257' title='bbox 1578 2080 1703 2135; x_wconf 87' lang='lat' dir='ltr'><strong>longe</strong></span> 
     </span>
     <span class='ocr_line' id='line_1_31' title="bbox 48 2145 1613 2205; baseline -0.004 -13"><span class='ocrx_word' id='word_1_258' title='bbox 48 2151 306 2205; x_wconf 85' lang='lat' dir='ltr'><strong>pedicellatis</strong></span> <span class='ocrx_word' id='word_1_259' title='bbox 334 2164 409 2190; x_wconf 88' lang='lat' dir='ltr'><strong>nec</strong></span> <span class='ocrx_word' id='word_1_260' title='bbox 440 2151 738 2190; x_wconf 89' lang='lat' dir='ltr'><strong>subsessilibus</strong></span> <span class='ocrx_word' id='word_1_261' title='bbox 771 2150 979 2189; x_wconf 82' lang='lat' dir='ltr'><strong>bilabiatis</strong></span> <span class='ocrx_word' id='word_1_262' title='bbox 1010 2148 1201 2188; x_wconf 79' lang='lat' dir='ltr'><strong>dentibus</strong></span> <span class='ocrx_word' id='word_1_263' title='bbox 1232 2145 1503 2198; x_wconf 73' lang='lat' dir='ltr'><strong>inaequalibus</strong></span> <span class='ocrx_word' id='word_1_264' title='bbox 1535 2153 1613 2187; x_wconf 88' lang='lat' dir='ltr'><strong>etc.</strong></span> 
     </span>
    </p>

    <p class='ocr_par' dir='ltr' id='par_1_7' title="bbox 160 2211 1701 2268">
     <span class='ocr_line' id='line_1_32' title="bbox 160 2211 1701 2268; baseline -0.005 -8"><span class='ocrx_word' id='word_1_265' title='bbox 160 2221 255 2260; x_wconf 72' lang='lat'><strong>805,</strong></span> <span class='ocrx_word' id='word_1_266' title='bbox 316 2216 394 2257; x_wconf 84' lang='lat' dir='ltr'><strong>Th.</strong></span> <span class='ocrx_word' id='word_1_267' title='bbox 428 2216 664 2268; x_wconf 77' lang='lat' dir='ltr'><strong>serpyllum</strong></span> <span class='ocrx_word' id='word_1_268' title='bbox 692 2217 733 2257; x_wconf 94' lang='lat' dir='ltr'><strong>L.</strong></span> <span class='ocrx_word' id='word_1_269' title='bbox 769 2215 912 2256; x_wconf 72' lang='lat' dir='ltr'><strong>Bentlr.</strong></span> <span class='ocrx_word' id='word_1_270' title='bbox 947 2216 971 2254; x_wconf 93' lang='lat' dir='ltr'><strong>l.</strong></span> <span class='ocrx_word' id='word_1_271' title='bbox 1005 2229 1037 2254; x_wconf 90' lang='lat' dir='ltr'><strong>c.</strong></span> <span class='ocrx_word' id='word_1_272' title='bbox 1071 2237 1123 2243; x_wconf 92' lang='lat'><strong>-—</strong></span> <span class='ocrx_word' id='word_1_273' title='bbox 1153 2214 1213 2254; x_wconf 90' lang='lat' dir='ltr'><strong>Pl.</strong></span> <span class='ocrx_word' id='word_1_274' title='bbox 1246 2225 1328 2252; x_wconf 61' lang='lat' dir='ltr'><strong>eras⁴</strong></span> <span class='ocrx_word' id='word_1_275' title='bbox 1359 2211 1447 2251; x_wconf 44' lang='lat' dir='ltr'><strong>coll,</strong></span> <span class='ocrx_word' id='word_1_276' title='bbox 1468 2225 1614 2252; x_wconf 79' lang='lat' dir='ltr'><strong>ven.n.</strong></span> <span class='ocrx_word' id='word_1_277' title='bbox 1633 2217 1701 2257; x_wconf 83' lang='lat'><strong>65.</strong></span> 
     </span>
    </p>

    <p class='ocr_par' dir='ltr' id='par_1_8' title="bbox 50 2273 1706 2541">
     <span class='ocr_line' id='line_1_33' title="bbox 162 2273 1706 2339; baseline -0.001 -16"><span class='ocrx_word' id='word_1_278' title='bbox 162 2285 204 2325; x_wconf 92' lang='lat' dir='ltr'><strong>ln</strong></span> <span class='ocrx_word' id='word_1_279' title='bbox 239 2285 411 2324; x_wconf 89' lang='lat' dir='ltr'><strong>collibus</strong></span> <span class='ocrx_word' id='word_1_280' title='bbox 442 2286 690 2339; x_wconf 86' lang='lat' dir='ltr'><strong>graminosis</strong></span> <span class='ocrx_word' id='word_1_281' title='bbox 721 2285 870 2337; x_wconf 81' lang='lat' dir='ltr'><strong>apricis</strong></span> <span class='ocrx_word' id='word_1_282' title='bbox 902 2295 1028 2336; x_wconf 87' lang='lat' dir='ltr'><strong>prope</strong></span> <span class='ocrx_word' id='word_1_283' title='bbox 1056 2273 1198 2320; x_wconf 75' lang='lat' dir='ltr'><strong>Bub&#39;ao</strong></span> <span class='ocrx_word' id='word_1_284' title='bbox 1229 2285 1268 2319; x_wconf 90' lang='lat' dir='ltr'><strong>et</strong></span> <span class='ocrx_word' id='word_1_285' title='bbox 1299 2277 1396 2318; x_wconf 82' lang='lat' dir='ltr'><strong>alibi</strong></span> <span class='ocrx_word' id='word_1_286' title='bbox 1426 2279 1466 2318; x_wconf 87' lang='lat' dir='ltr'><strong>in</strong></span> <span class='ocrx_word' id='word_1_287' title='bbox 1485 2279 1706 2321; x_wconf 75' lang='lat' dir='ltr'><strong>cantabria</strong></span> 
     </span>
     <span class='ocr_line' id='line_1_34' title="bbox 53 2345 1705 2408; baseline -0.004 -14"><span class='ocrx_word' id='word_1_288' title='bbox 53 2355 157 2394; x_wconf 82' lang='lat' dir='ltr'><strong>satis</strong></span> <span class='ocrx_word' id='word_1_289' title='bbox 188 2351 443 2392; x_wconf 78' lang='lat' dir='ltr'><strong>abundanter</strong></span> <span class='ocrx_word' id='word_1_290' title='bbox 472 2351 618 2401; x_wconf 80' lang='lat' dir='ltr'><strong>(forma</strong></span> <span class='ocrx_word' id='word_1_291' title='bbox 648 2354 826 2408; x_wconf 71' lang='lat' dir='ltr'><strong>genuina</strong></span> <span class='ocrx_word' id='word_1_292' title='bbox 859 2350 970 2389; x_wconf 89' lang='lat' dir='ltr'><strong>foliis</strong></span> <span class='ocrx_word' id='word_1_293' title='bbox 1001 2349 1191 2396; x_wconf 83' lang='lat' dir='ltr'><strong>ciliatis];</strong></span> <span class='ocrx_word' id='word_1_294' title='bbox 1228 2348 1267 2385; x_wconf 88' lang='lat' dir='ltr'><strong>in</strong></span> <span class='ocrx_word' id='word_1_295' title='bbox 1299 2345 1471 2385; x_wconf 85' lang='lat' dir='ltr'><strong>collibus</strong></span> <span class='ocrx_word' id='word_1_296' title='bbox 1502 2347 1624 2386; x_wconf 87' lang='lat' dir='ltr'><strong>siccis</strong></span> <span class='ocrx_word' id='word_1_297' title='bbox 1654 2347 1705 2388; x_wconf 78' lang='lat' dir='ltr'><strong>ad</strong></span> 
     </span>
     <span class='ocr_line' id='line_1_35' title="bbox 52 2413 1706 2473; baseline -0.004 -13"><span class='ocrx_word' id='word_1_298' title='bbox 52 2419 217 2460; x_wconf 86' lang='lat' dir='ltr'><strong>fluvium</strong></span> <span class='ocrx_word' id='word_1_299' title='bbox 249 2421 356 2473; x_wconf 82' lang='lat' dir='ltr'><strong>Arga</strong></span> <span class='ocrx_word' id='word_1_300' title='bbox 389 2420 427 2456; x_wconf 92' lang='lat' dir='ltr'><strong>in</strong></span> <span class='ocrx_word' id='word_1_301' title='bbox 460 2419 640 2458; x_wconf 83' lang='lat' dir='ltr'><strong>Navarra</strong></span> <span class='ocrx_word' id='word_1_302' title='bbox 668 2418 813 2469; x_wconf 82' lang='lat' dir='ltr'><strong>[forma</strong></span> <span class='ocrx_word' id='word_1_303' title='bbox 845 2416 957 2455; x_wconf 90' lang='lat' dir='ltr'><strong>foliis</strong></span> <span class='ocrx_word' id='word_1_304' title='bbox 988 2429 1068 2456; x_wconf 88' lang='lat' dir='ltr'><strong>non</strong></span> <span class='ocrx_word' id='word_1_305' title='bbox 1100 2414 1286 2465; x_wconf 79' lang='lat' dir='ltr'><strong>ciliatis);</strong></span> <span class='ocrx_word' id='word_1_306' title='bbox 1334 2413 1375 2452; x_wconf 90' lang='lat' dir='ltr'><strong>in</strong></span> <span class='ocrx_word' id='word_1_307' title='bbox 1405 2413 1610 2467; x_wconf 82' lang='lat' dir='ltr'><strong>Aragonia</strong></span> <span class='ocrx_word' id='word_1_308' title='bbox 1639 2427 1706 2454; x_wconf 85' lang='lat' dir='ltr'><strong>su-</strong></span> 
     </span>
     <span class='ocr_line' id='line_1_36' title="bbox 50 2478 1169 2541; baseline -0.006 -14"><span class='ocrx_word' id='word_1_309' title='bbox 50 2489 209 2541; x_wconf 88' lang='lat' dir='ltr'><strong>periore</strong></span> <span class='ocrx_word' id='word_1_310' title='bbox 241 2498 370 2538; x_wconf 88' lang='lat' dir='ltr'><strong>usque</strong></span> <span class='ocrx_word' id='word_1_311' title='bbox 401 2485 450 2524; x_wconf 87' lang='lat' dir='ltr'><strong>ad</strong></span> <span class='ocrx_word' id='word_1_312' title='bbox 482 2487 617 2526; x_wconf 84' lang='lat'>5000‘.</span> <span class='ocrx_word' id='word_1_313' title='bbox 678 2485 803 2540; x_wconf 80' lang='lat' dir='ltr'><strong>lllajo,</strong></span> <span class='ocrx_word' id='word_1_314' title='bbox 834 2483 960 2524; x_wconf 83' lang='lat' dir='ltr'><strong>Junio</strong></span> <span class='ocrx_word' id='word_1_315' title='bbox 992 2496 1024 2522; x_wconf 91' lang='lat' dir='ltr'><strong>c.</strong></span> <span class='ocrx_word' id='word_1_316' title='bbox 1055 2481 1141 2521; x_wconf 63' lang='grc' dir='ltr'><strong>ΗΒΓ.</strong></span> <span class='ocrx_word' id='word_1_317' title='bbox 1166 2478 1169 2481; x_wconf 60' lang='grc'>’</span> 
     </span>
    </p>

    <p class='ocr_par' dir='ltr' id='par_1_9' title="bbox 50 2545 1707 2938">
     <span class='ocr_line' id='line_1_37' title="bbox 159 2545 1707 2604; baseline -0.003 -11"><span class='ocrx_word' id='word_1_318' title='bbox 159 2554 253 2595; x_wconf 73' lang='lat' dir='ltr'><strong>var.</strong></span> <span class='ocrx_word' id='word_1_319' title='bbox 284 2556 573 2600; x_wconf 71' lang='lat' dir='ltr'><strong>‹zv-ayonensis.</strong></span> <span class='ocrx_word' id='word_1_320' title='bbox 609 2552 703 2590; x_wconf 86' lang='lat' dir='ltr'><strong>Basi</strong></span> <span class='ocrx_word' id='word_1_321' title='bbox 741 2550 857 2590; x_wconf 86' lang='lat' dir='ltr'><strong>valde</strong></span> <span class='ocrx_word' id='word_1_322' title='bbox 889 2550 1073 2604; x_wconf 78' lang='lat' dir='ltr'><strong>lignosa,</strong></span> <span class='ocrx_word' id='word_1_323' title='bbox 1112 2547 1281 2588; x_wconf 85' lang='lat' dir='ltr'><strong>ramulis</strong></span> <span class='ocrx_word' id='word_1_324' title='bbox 1311 2545 1516 2600; x_wconf 81' lang='lat' dir='ltr'><strong>elongatis</strong></span> <span class='ocrx_word' id='word_1_325' title='bbox 1544 2547 1707 2601; x_wconf 85' lang='lat' dir='ltr'><strong>gracili—</strong></span> 
     </span>
     <span class='ocr_line' id='line_1_38' title="bbox 53 2611 1704 2674; baseline -0.003 -15"><span class='ocrx_word' id='word_1_326' title='bbox 53 2621 143 2666; x_wconf 82' lang='lat' dir='ltr'><strong>bus,</strong></span> <span class='ocrx_word' id='word_1_327' title='bbox 174 2619 286 2659; x_wconf 88' lang='lat' dir='ltr'><strong>foliis</strong></span> <span class='ocrx_word' id='word_1_328' title='bbox 318 2623 360 2658; x_wconf 88' lang='lat' dir='ltr'><strong>ut</strong></span> <span class='ocrx_word' id='word_1_329' title='bbox 388 2620 428 2658; x_wconf 90' lang='lat' dir='ltr'><strong>in</strong></span> <span class='ocrx_word' id='word_1_330' title='bbox 463 2618 591 2658; x_wconf 84' lang='lat' dir='ltr'><strong>forma</strong></span> <span class='ocrx_word' id='word_1_331' title='bbox 623 2619 803 2674; x_wconf 80' lang='lat' dir='ltr'><strong>genuina</strong></span> <span class='ocrx_word' id='word_1_332' title='bbox 834 2616 906 2656; x_wconf 69' lang='lat' dir='ltr'><strong>sed</strong></span> <span class='ocrx_word' id='word_1_333' title='bbox 937 2615 1080 2656; x_wconf 81' lang='lat' dir='ltr'><strong>subtus</strong></span> <span class='ocrx_word' id='word_1_334' title='bbox 1111 2614 1270 2654; x_wconf 82' lang='lat' dir='ltr'><strong>incanis</strong></span> <span class='ocrx_word' id='word_1_335' title='bbox 1301 2617 1342 2652; x_wconf 84' lang='lat' dir='ltr'><strong>et</strong></span> <span class='ocrx_word' id='word_1_336' title='bbox 1380 2611 1498 2651; x_wconf 82' lang='lat' dir='ltr'><strong>valde</strong></span> <span class='ocrx_word' id='word_1_337' title='bbox 1535 2613 1704 2667; x_wconf 81' lang='lat' dir='ltr'><strong>glandu-</strong></span> 
     </span>
     <span class='ocr_line' id='line_1_39' title="bbox 51 2678 1705 2739; baseline -0.004 -12"><span class='ocrx_word' id='word_1_338' title='bbox 51 2687 380 2739; x_wconf 80' lang='lat' dir='ltr'><strong>loso-punctatis,</strong></span> <span class='ocrx_word' id='word_1_339' title='bbox 413 2685 712 2725; x_wconf 78' lang='lat' dir='ltr'><strong>verticillasiris</strong></span> <span class='ocrx_word' id='word_1_340' title='bbox 744 2684 884 2737; x_wconf 83' lang='lat' dir='ltr'><strong>paucis</strong></span> <span class='ocrx_word' id='word_1_341' title='bbox 917 2686 957 2721; x_wconf 85' lang='lat' dir='ltr'><strong>et</strong></span> <span class='ocrx_word' id='word_1_342' title='bbox 987 2681 1220 2736; x_wconf 86' lang='lat' dir='ltr'><strong>paucifloris</strong></span> <span class='ocrx_word' id='word_1_343' title='bbox 1248 2682 1287 2719; x_wconf 91' lang='lat' dir='ltr'><strong>in</strong></span> <span class='ocrx_word' id='word_1_344' title='bbox 1319 2678 1539 2733; x_wconf 77' lang='lat' dir='ltr'><strong>capitulum</strong></span> <span class='ocrx_word' id='word_1_345' title='bbox 1568 2678 1705 2721; x_wconf 83' lang='lat' dir='ltr'><strong>laxum</strong></span> 
     </span>
     <span class='ocr_line' id='line_1_40' title="bbox 54 2742 1704 2807; baseline -0.004 -14"><span class='ocrx_word' id='word_1_346' title='bbox 54 2758 94 2793; x_wconf 87' lang='lat' dir='ltr'><strong>et</strong></span> <span class='ocrx_word' id='word_1_347' title='bbox 127 2765 290 2806; x_wconf 86' lang='lat' dir='ltr'><strong>parvum</strong></span> <span class='ocrx_word' id='word_1_348' title='bbox 322 2753 574 2807; x_wconf 81' lang='lat' dir='ltr'><strong>aggregatis,</strong></span> <span class='ocrx_word' id='word_1_349' title='bbox 607 2752 771 2792; x_wconf 86' lang='lat' dir='ltr'><strong>corollis</strong></span> <span class='ocrx_word' id='word_1_350' title='bbox 803 2750 944 2803; x_wconf 80' lang='lat' dir='ltr'><strong>paucis</strong></span> <span class='ocrx_word' id='word_1_351' title='bbox 977 2750 1096 2789; x_wconf 87' lang='lat' dir='ltr'><strong>albis.</strong></span> <span class='ocrx_word' id='word_1_352' title='bbox 1130 2746 1275 2788; x_wconf 85' lang='lat' dir='ltr'><strong>Affinis</strong></span> <span class='ocrx_word' id='word_1_353' title='bbox 1306 2758 1388 2786; x_wconf 80' lang='lat' dir='ltr'><strong>var.</strong></span> <span class='ocrx_word' id='word_1_354' title='bbox 1417 2742 1461 2797; x_wconf 74' lang='grc' dir='ltr'><em>β</em></span> <span class='ocrx_word' id='word_1_355' title='bbox 1480 2750 1704 2786; x_wconf 79' lang='lat' dir='ltr'><strong>montanae</strong></span> 
     </span>
     <span class='ocr_line' id='line_1_41' title="bbox 50 2811 1703 2871; baseline -0.002 -13"><span class='ocrx_word' id='word_1_356' title='bbox 50 2818 226 2860; x_wconf 88' lang='lat' dir='ltr'><strong>Benth.</strong></span> <span class='ocrx_word' id='word_1_357' title='bbox 258 2818 283 2860; x_wconf 86' lang='grc' dir='ltr'><strong>Ι.</strong></span> <span class='ocrx_word' id='word_1_358' title='bbox 317 2832 349 2859; x_wconf 86' lang='lat' dir='ltr'><strong>c.</strong></span> <span class='ocrx_word' id='word_1_359' title='bbox 381 2817 540 2871; x_wconf 73' lang='lat' dir='ltr'><strong>(Thym.</strong></span> <span class='ocrx_word' id='word_1_360' title='bbox 572 2822 789 2858; x_wconf 86' lang='lat' dir='ltr'><strong>montanus</strong></span> <span class='ocrx_word' id='word_1_361' title='bbox 820 2818 883 2856; x_wconf 90' lang='lat' dir='ltr'><strong>W.</strong></span> <span class='ocrx_word' id='word_1_362' title='bbox 916 2816 984 2869; x_wconf 81' lang='lat' dir='ltr'><strong>K.)</strong></span> <span class='ocrx_word' id='word_1_363' title='bbox 1027 2814 1101 2856; x_wconf 86' lang='lat' dir='ltr'><strong>sed</strong></span> <span class='ocrx_word' id='word_1_364' title='bbox 1138 2813 1250 2854; x_wconf 88' lang='lat' dir='ltr'><strong>foliis</strong></span> <span class='ocrx_word' id='word_1_365' title='bbox 1293 2811 1516 2852; x_wconf 86' lang='lat' dir='ltr'><strong>minoribus</strong></span> <span class='ocrx_word' id='word_1_366' title='bbox 1555 2813 1703 2854; x_wconf 80' lang='lat' dir='ltr'><strong>subtus</strong></span> 
     </span>
     <span class='ocr_line' id='line_1_42' title="bbox 51 2876 1702 2938; baseline -0.004 -11"><span class='ocrx_word' id='word_1_367' title='bbox 51 2886 210 2927; x_wconf 69' lang='lat' dir='ltr'><strong>incenis</strong></span> <span class='ocrx_word' id='word_1_368' title='bbox 240 2889 279 2924; x_wconf 88' lang='lat' dir='ltr'><strong>et</strong></span> <span class='ocrx_word' id='word_1_369' title='bbox 310 2883 428 2924; x_wconf 88' lang='lat' dir='ltr'><strong>valde</strong></span> <span class='ocrx_word' id='word_1_370' title='bbox 458 2883 715 2938; x_wconf 84' lang='lat' dir='ltr'><strong>glandulosis</strong></span> <span class='ocrx_word' id='word_1_371' title='bbox 755 2883 1028 2938; x_wconf 82' lang='lat' dir='ltr'><strong>capitulisque</strong></span> <span class='ocrx_word' id='word_1_372' title='bbox 1072 2883 1209 2937; x_wconf 83' lang='lat' dir='ltr'><strong>parvis</strong></span> <span class='ocrx_word' id='word_1_373' title='bbox 1250 2880 1300 2921; x_wconf 83' lang='lat' dir='ltr'><strong>ab</strong></span> <span class='ocrx_word' id='word_1_374' title='bbox 1340 2891 1391 2919; x_wconf 84' lang='lat' dir='ltr'><strong>ea</strong></span> <span class='ocrx_word' id='word_1_375' title='bbox 1433 2876 1582 2919; x_wconf 83' lang='lat' dir='ltr'><strong>differt.</strong></span> <span class='ocrx_word' id='word_1_376' title='bbox 1641 2881 1702 2921; x_wconf 86' lang='lat' dir='ltr'><strong>An</strong></span> 
     </span>
    </p>
   </div>
   <div class='ocr_carea' id='block_1_3' title="bbox 51 2947 1501 3045">
    <p class='ocr_par' dir='ltr' id='par_1_10' title="bbox 51 2947 1501 3045">
     <span class='ocr_line' id='line_1_43' title="bbox 51 2947 464 3006; baseline -0.007 -14"><span class='ocrx_word' id='word_1_377' title='bbox 51 2954 191 3006; x_wconf 80' lang='lat' dir='ltr'><strong>specie</strong></span> <span class='ocrx_word' id='word_1_378' title='bbox 242 2947 464 2992; x_wconf 77' lang='lat' dir='ltr'><strong>distincta?</strong></span> 
     </span>
     <span class='ocr_line' id='line_1_44' title="bbox 1460 3011 1501 3045; baseline 0.024 -1"><span class='ocrx_word' id='word_1_379' title='bbox 1460 3011 1501 3045; x_wconf 77' lang='lat'><strong>16</strong></span> 
     </span>
    </p>
   </div>
  </div>
 </body>
</html>
