1867 3215
125 109 160 155 4

127 238 326 287 rioribus3
366 235 416 277 ad
454 247 579 291 rupes
618 236 830 276 calcareas
873 234 914 274 in
957 231 1142 275 faucibus
1172 233 1382 288 Garganta
1422 228 1472 271 de
1501 230 1708 273 Pancorvo
1739 233 1779 272 in
1863 250 1867 300 Ξ

132 306 316 348 Castella
344 308 497 345 vetere.

240 376 306 414 23.
366 370 423 410 H.
453 373 553 409 odor
573 383 609 410 5·
636 369 857 410 Waldst.
891 368 1027 408 ΚΗΓ.)

240 439 342 494 Legi
387 438 465 478 duo
510 438 739 491 spu-{imina
782 438 903 477 nimis
936 437 1140 491 juvenilia
1184 437 1260 476 rite
1290 448 1370 475 non
1400 433 1706 475 determinanda
1741 435 1782 474 in

133 507 349 561 Pyrenaeis
379 507 554 559 Aragon.
585 505 595 546 ἰ
622 537 627 545 .
658 504 861 544 adscensu
891 503 940 543 ad
970 503 1119 543 Puerto
1153 504 1201 544 de
1234 503 1325 542 lzas
1355 516 1496 542 meuse
1524 502 1663 544 Junio.

247 577 313 615 24.
374 571 432 614 H.
461 572 651 622 foetidus
680 570 725 612 L.
757 571 885 612 Rchb.
918 570 972 611 Ic.
1005 571 1027 610 Ι.
1061 586 1093 611 c.
1128 571 1154 613 f.
1189 575 1309 613 4715.

244 640 303 682 Ad
346 652 471 694 rupes
516 638 724 679 calcareas
771 652 896 694 prope
941 650 1089 692 pagum
1123 640 1275 680 Otanez
1315 639 1355 678 in
1393 650 1505 690 prov.
1538 634 1782 685 Saxstauder,
1862 684 1863 687 Ἴ

132 709 244 765 Majo
274 706 452 750 noudum
482 705 647 747 florens.

870 770 1044 826 Niqella.

240 846 305 885 25.
339 839 391 882 Ν.
422 841 641 891 hispanica
657 838 701 881 L.
733 850 772 889 ’γ-
802 840 1029 890 parvinora
1046 839 1160 880 Coss.
1195 843 1276 880 not.
1310 854 1342 880 s.
1378 854 1441 894 qu.
1474 839 1528 892 pl.
1560 838 1610 878 de
1626 837 1783 878 France

181 912 191 923 '
215 943 223 952 .
369 940 377 948 .
408 906 462 947 11.

136 914 212 953 ent
247 909 547 1018 {gegnarum
585 973 795 1029 margines
824 985 951 1028 prope
982 987 1130 1028 pagum
1162 974 1269 1015 Bera
1298 975 1339 1014 in
1370 974 1573 1030 Aragonia
1604 971 1788 1014 inferiori

134 1057 241 1086 raro.
273 1043 356 1085 Jul.
389 1056 422 1083 c.
456 1041 495 1084 fl.
526 1044 567 1081 et
596 1040 644 1080 fr.

244 1112 313 1152 26.
377 1107 429 1149 N.
462 1109 652 1148 aroensis
681 1105 725 1147 L.
758 1105 886 1147 Rchb.
920 1106 973 1147 Ic.
1006 1107 1067 1147 Fl.
1099 1121 1138 1162 g.
1169 1107 1238 1150 IV.
1270 1108 1296 1150 f.
1327 1111 1447 1150 4735.

239 1175 288 1217 In
319 1177 431 1232 agris
461 1188 590 1229 prope
621 1187 712 1228 opp.
744 1174 905 1214 Daroca
934 1175 974 1213 in
1007 1176 1210 1230 Aragonia
1240 1175 1421 1218 australi.
1451 1174 1536 1216 Jul.
1567 1187 1599 1214 c.
1633 1173 1669 1213 fl.

845 1241 1073 1294 Aquileyia.

246 1312 313 1352 27.
375 1309 426 1350 Α.
460 1311 647 1362 vulqaris
675 1306 720 1348 L.
764 1306 893 1347 Rchb.
926 1308 980 1348 Ic.
1013 1307 1073 1348 Fl.
1106 1322 1145 1364 g.
1177 1309 1245 1350 lv.
1278 1308 1306 1349 f.
1338 1312 1456 1352 4729.
1488 1309 1548 1352 Pl.
1578 1322 1663 1349 exs.
1696 1308 1787 1349 coll.

136 1390 228 1419 ven.
261 1390 300 1419 n.
330 1380 397 1419 62.

249 1444 594 1485 Communissima
625 1442 665 1481 in
695 1441 824 1496 pratis
854 1441 1086 1482 Cantabriae
1117 1447 1175 1492 (v.
1208 1458 1240 1484 c.
1275 1457 1332 1498 pr.
1366 1443 1525 1492 Bilbao,
1557 1443 1790 1483 Somorros·

139 1517 225 1563 tro,
256 1512 487 1566 Sopuerta,
520 1511 713 1558 Otanez),
752 1511 792 1549 in
823 1510 1029 1550 montibus
1060 1511 1306 1551 cantabricis
1336 1512 1442 1550 inter
1473 1509 1679 1564 Vergara,
1709 1509 1789 1550 To-

137 1580 253 1629 losa,
292 1579 376 1619 San
407 1578 651 1626 Sebastiam,
690 1575 741 1616 ad
777 1590 901 1630 sepes
931 1590 1057 1630 prope
1087 1578 1224 1626 Yrun,
1257 1579 1468 1631 Oyarzun,
1512 1577 1713 1624 Hernani3
1745 1578 1786 1617 iu

135 1647 318 1687 Navarra
347 1647 388 1686 in
420 1646 548 1700 pratis
578 1643 700 1684 vallis
727 1643 908 1693 Baztan3
939 1645 980 1683 in
1012 1645 1214 1699 Aragonla
1244 1647 1283 1685 in
1316 1646 1467 1699 pinetis
1498 1645 1648 1684 montis
1677 1644 1792 1684 Pena

138 1713 189 1754 de
221 1713 342 1754 Oroel
369 1718 491 1767 atque
522 1713 563 1752 in
594 1711 769 1752 vallibus
795 1710 1086 1764 Pyrenaeorum
1117 1711 1379 1753 inferioribus
1409 1725 1538 1767 usque
1567 1710 1617 1752 ad
1647 1712 1786 1755 3000‘.

137 1779 264 1836 Majo,
293 1779 390 1822 Jun.
424 1795 457 1821 c.
490 1779 530 1820 ss.

821 1845 1107 1896 Delphinium.

255 1916 321 1956 28.
380 1911 435 1954 D.
467 1912 648 1964 Ajacie‘?
687 1912 808 1954 van?
836 1915 1105 1965 yrandiflora.
1147 1913 1213 1961 (D.
1245 1912 1534 1970 grandissorum
1564 1912 1785 1953 botanicor.

142 1980 400 2028 Madritens.)

254 2049 396 2088 Sierra
435 2047 484 2088 de
516 2046 794 2088 Guadarrama
823 2048 863 2086 in
895 2046 1013 2086 cultis
1052 2059 1177 2099 prope
1209 2051 1427 2088 monaster,
1461 2047 1535 2087 Sta
1564 2047 1694 2088 Maria
1724 2046 1788 2087 del

141 2113 291 2156 Paular
310 2115 361 2155 ad
376 2115 443 2156 alt.
464 2129 496 2155 c.
524 2116 665 2164 4000‘,
697 2114 764 2154 ubi
791 2126 933 2153 mense
954 2113 1066 2166 Sept.
1098 2115 1259 2153 unicum
1290 2116 1499 2167 specimen
1528 2114 1658 2168 florig.
1691 2114 1788 2169 legi.

255 2182 351 2225 obs.
407 2181 556 2222 Differt
586 2195 609 2221 a
640 2182 780 2233 specie
811 2181 971 2222 laciniis
1001 2179 1189 2219 foliorum
1232 2181 1469 2232 latioribus,
1508 2182 1684 2221 bracteis
1720 2195 1789 2235 pe-

142 2249 318 2291 dunculo
351 2249 621 2297 brevioribus,
653 2247 820 2288 floribus
851 2248 1052 2301 speciosis
1083 2249 1262 2300 cyaneis.
1295 2250 1353 2288 An
1380 2251 1544 2303 species
1566 2247 1790 2289 distincta?

255 2320 321 2357 29.
381 2316 436 2358 D.
465 2319 729 2369 pereyrinum
761 2315 803 2355 L.
837 2316 901 2361 (D.
929 2317 1120 2371 junceum
1156 2314 1263 2362 DC.)
1320 2316 1447 2358 Rchb.
1482 2316 1535 2356 lc.
1568 2316 1626 2356 Fl.
1661 2329 1787 2372 germ.

143 2384 211 2425 lv.
231 2383 257 2426 t.
274 2385 384 2425 4672
400 2384 527 2430 (color
544 2383 683 2423 florum
715 2384 755 2421 in
787 2384 905 2421 icone
936 2383 1056 2421 nimis
1087 2382 1317 2436 pallidus!).
1351 2384 1408 2424 ΡΙ.
1426 2397 1509 2423 exs.
1529 2384 1787 2425 coll.n.391.

256 2451 301 2490 ln
334 2452 542 2506 argillosis
573 2449 785 2489 sterilibus
818 2453 1097 2502 quercetorum
1131 2451 1237 2488 inter
1257 2452 1362 2490 Saea
1393 2455 1432 2491 et
1450 2452 1605 2491 Guerra
1639 2452 1679 2490 in
1698 2452 1792 2491 Ara·

144 2520 268 2575 gonia
297 2517 518 2566 inferiore,
559 2518 599 2556 in
642 2519 844 2570 quercetis
885 2517 1163 2570 sabinetisque
1206 2518 1309 2556 inter
1350 2517 1567 2558 Pozondon
1599 2522 1639 2557 et
1667 2518 1791 2558 Gelda

145 2591 186 2625 et
227 2599 353 2641 prope
384 2585 534 2625 Teruiil
576 2586 615 2623 in
648 2585 820 2638 Aragon.
866 2584 1142 2631 meridionali3
1186 2597 1310 2638 prope
1343 2599 1490 2641 pagum
1521 2584 1721 2625 Barracas
1750 2586 1790 2624 in

144 2665 272 2708 regno
303 2653 525 2702 valentino,
557 2653 597 2690 in
630 2651 809 2691 castella
838 2664 956 2690 nova.
1016 2651 1098 2690 Jul.
1132 2651 1232 2705 Aug.
1266 2665 1299 2690 c.
1333 2651 1370 2691 ss.

843 2717 1076 2758 Aconicum.

254 2789 319 2828 30.
380 2785 429 2826 A.
462 2782 663 2836 Napeuus
692 2783 772 2824 L?

256 2853 302 2892 ln
334 2853 546 2907 Pyrenaeis
577 2854 793 2907 Aragonise
836 2851 884 2891 ad
924 2852 1078 2891 rivulos
1115 2852 1205 2906 jugi
1237 2849 1385 2892 Puerto
1428 2851 1478 2892 de
1510 2851 1710 2894 Canfranc
1739 2851 1789 2893 ad

145 2920 212 2961 alt.
246 2922 549 2966 4500-5000‘.
583 2921 707 2962 Junio
737 2919 912 2961 nondum
946 2917 1106 2960 florens.
