1867 3215
1622 92 1690 136 87

157 233 249 272 563,
312 228 354 268 C.
385 237 561 266 arcense
591 225 741 279 Scop.
773 225 895 265 Grcn.
928 223 1052 264 Godr.
1083 223 1108 263 l.
1141 237 1173 263 c.
1207 235 1244 275 p.
1277 222 1368 262 226.

156 297 202 337 In
234 297 377 344 cultis,
417 292 651 350 segetibuS‚
692 292 893 332 ruderatis
930 305 1003 345 per
1038 294 1162 331 totam
1194 289 1432 342 Hispaniam
1463 284 1555 324 hinc
1584 282 1693 333 inde,

45 366 212 420 copiose
241 365 282 404 in
314 363 426 418 agris
455 361 664 416 argillosis
695 360 801 399 inter
830 359 1039 413 Zaragoza
1070 362 1110 398 et
1139 356 1264 397 Muel.
1297 354 1379 396 Jul.
1411 366 1444 392 c.
1479 352 1564 393 flor.

419 418 425 432 ¹
765 425 971 466 carduus.

159 501 252 540 564.
315 496 359 537 G.
393 496 640 546 tenuillorus
670 493 806 534 Curt.
840 494 963 532 Gren.
997 491 1118 532 Godr.
1150 492 1177 530 l.
1209 505 1243 530 c.
1274 504 1312 544 p.
1346 491 1439 529 226.

158 565 347 607 Abundat
376 565 417 604 in
448 563 650 604 ruderatis
679 559 791 601 urbis
821 560 1056 615 Pamploua.
1088 559 1215 600 Junio
1247 572 1279 597 c.
1313 556 1398 596 ssor.

159 636 252 675 565.
315 631 361 671 0.
390 633 661 671 acanthoides
691 629 735 669 L.

162 699 207 740 ln
236 698 462 748 tuden-atis,
506 697 557 738 ad
587 699 675 737 vias
706 697 812 736 circa
842 693 982 735 urbem
1012 693 1237 748 Pamplona
1266 692 1370 731 satis
1401 690 1593 742 copiose,
1624 685 1697 727 sed

50 767 183 808 medio
215 767 341 808 Junio
372 765 550 806 nondum
581 764 747 806 florens.
1704 788 1712 797 ,,

161 838 253 877 566.
313 834 356 876 C'.
387 835 633 873 carlinoae‘aes
663 831 783 871 Gou.
819 830 942 870 Gren.
975 827 1096 869 Godr.
1126 828 1153 866 l.
1185 841 1215 866 c.
1250 840 1287 880 p.
1320 828 1412 867 236.
1437 846 1487 852 -
1516 824 1578 864 Pl.
1609 836 1694 865 exS.

49 903 140 943 coll.
173 915 262 942 ven.
294 915 333 942 n.
367 904 460 944 366.

159 969 205 1008 Iu
237 969 385 1022 Pyren.
416 970 591 1023 Aragon.
624 969 663 1007 in
695 966 882 1007 arenosis
912 964 1126 1019 graniticis
1156 975 1283 1016 prope
1315 959 1462 1000 balnea
1480 959 1699 1000 Panticosa

49 1037 116 1080 alt.
146 1039 287 1078 4690‘.
319 1036 416 1077 Jun.
449 1050 482 1075 c.
515 1035 602 1075 flor.

163 1107 256 1146 567.
319 1104 362 1146 C.
392 1108 644 1154 carpetanus
673 1103 843 1141 Boiss.
875 1101 1023 1140 Reut.
1054 1098 1190 1153 diagn.
1225 1097 1278 1151 pl.
1312 1108 1403 1138 nov,
1434 1095 1548 1147 Hisp.
1581 1096 1698 1133 n.35.

164 1172 209 1211 ln
250 1170 453 1212 ruderatis
493 1184 620 1225 prope
660 1170 698 1209 el
729 1168 915 1208 Escorial
945 1167 1112 1221 passim.
1145 1166 1260 1218 Sept.
1293 1177 1325 1205 c.
1359 1162 1443 1202 ssor.
1477 1169 1518 1202 et
1547 1159 1594 1201 fr.
1628 1159 1700 1200 sed
1735 1185 1742 1195 ·

50 1238 172 1280 dente
202 1240 409 1280 asinorum
439 1237 557 1279 valde
586 1237 810 1278 mutilatus.

741 1303 1005 1343 Carthamus

165 1373 258 1412 568.
323 1372 366 1415 C'.
397 1375 643 1412 mitissimus
671 1371 747 1423 (L.)
778 1371 820 1410 C.
854 1370 901 1411 H.
934 1368 1145 1410 Schultz
1175 1368 1265 1421 Bip.
1308 1388 1361 1393 -
1398 1366 1457 1406 Pl.
1491 1379 1575 1405 exs.
1608 1364 1699 1404 coll.

55 1451 143 1478 ven.
175 1453 211 1478 n.
248 1443 339 1481 106.
367 1440 682 1491 (Garduncellus
697 1439 938 1477 mitissimus
956 1436 1063 1476 Dec.
1097 1436 1219 1477 Gren.
1255 1434 1375 1474 Godr.
1409 1434 1434 1472 Ι.
1469 1447 1501 1475 c.
1533 1446 1570 1485 p.
1594 1432 1705 1481 237.)

166 1506 211 1546 In
243 1510 432 1547 arenosis
463 1510 611 1547 montis
644 1506 816 1546 calcarei
834 1505 929 1544 Pico
962 1504 1011 1543 de
1030 1505 1228 1543 Sarantes
1259 1515 1385 1556 prope
1415 1498 1558 1538 Bilbao
1589 1512 1704 1547 raro3

55 1572 232 1614 abundat
272 1576 312 1614 in
343 1577 507 1629 pascuis
538 1577 659 1615 siccis
693 1587 817 1627 prope
849 1572 1071 1624 Pamplona
1101 1575 1141 1609 et
1174 1568 1270 1609 alibi
1301 1570 1341 1608 in
1373 1567 1553 1606 Navarra
1584 1571 1705 1621 atque

56 1642 95 1681 in
127 1644 375 1696 graminosis
407 1645 446 1683 in
479 1643 584 1683 valle
615 1642 727 1681 fluvii
761 1644 934 1695 Aragon.
965 1639 1091 1679 Junio
1122 1652 1152 1677 c.
1184 1637 1270 1677 flor.

169 1712 260 1751 569.
324 1711 368 1749 C.
403 1710 704 1749 cardum-ellus
740 1708 819 1759 (L.)
859 1708 900 1748 C.
932 1708 978 1747 ll.
1013 1705 1233 1746 Schultz
1266 1704 1354 1757 Bip.
1394 1701 1703 1754 [Carduucellus

55 1777 423 1830 Monspeliensium
456 1778 528 1817 All.
571 1778 693 1816 Gren.
737 1775 858 1815 Godr.
892 1776 917 1814 l.
950 1789 983 1813 c.
1015 1776 1106 1815 238.
1171 1772 1305 1812 Carth.
1340 1772 1532 1824 pinnatus
1565 1768 1700 1809 Willk.

56 1844 116 1884 ΡΙ.
148 1858 231 1883 exs.
266 1845 353 1883 coll.
388 1858 477 1884 ven.
510 1859 548 1884 n.
580 1848 674 1892 470,
707 1857 786 1883 non
820 1842 952 1894 Desf.)

165 1911 210 1950 In
242 1912 447 1967 glareosis
477 1912 661 1966 planitiei
692 1912 798 1950 altae
829 1911 1041 1949 calcareae
1072 1910 1176 1947 inter
1206 1907 1362 1948 Molina
1391 1906 1440 1946 de
1472 1907 1631 1960 Aragon
1664 1908 1705 1944 et

55 1978 272 2018 Pozondon
314 1979 365 2019 ad
405 1981 472 2021 alt.
515 1982 827 2021 3500-4500‘
865 1979 1053 2031 copiose,
1092 1976 1163 2015 sed
1205 1977 1372 2015 ineunte
1403 1976 1585 2028 Augusto
1618 1975 1704 2028 jam

55 2044 141 2084 fere
172 2046 264 2087 defl.
295 2045 439 2097 (forma
469 2048 623 2086 acaulis
654 2045 867 2097 latifolia)3
902 2046 942 2083 in
974 2046 1160 2083 arenosis
1190 2041 1464 2082 sabinetorum
1496 2044 1600 2080 inter
1629 2041 1705 2081 Po-

58 2111 213 2151 zondon
248 2118 288 2152 et
320 2113 459 2164 Gelda,
492 2116 590 2169 Aug.
624 2113 714 2153 defl.
748 2113 893 2164 [forma
911 2110 1340 2151 caulescenslatifolia
1357 2108 1681 2162 macrocephala)

58 2180 97 2217 in
136 2180 344 2234 argillosis
383 2182 489 2220 inter
519 2181 621 2221 Jaca
659 2184 699 2220 et
730 2182 771 2220 S.
805 2179 913 2220 Juan
953 2179 1002 2218 dc
1034 2179 1073 2217 la
1104 2177 1214 2217 Pena
1244 2190 1335 2217 raro
1365 2175 1510 2228 (forma
1540 2175 1706 2231 gracilis

57 2247 324 2301 arigustifolia
353 2248 468 2287 caule
501 2248 820 2302 ¹l2—l-pedali),
851 2246 963 2287 Julio
992 2259 1024 2284 c.
1058 2244 1143 2287 flor.

172 2314 264 2354 obs.
333 2315 475 2354 Planta
515 2316 646 2369 quoad
687 2315 870 2363 caulem,
912 2313 1099 2353 foliorum
1141 2309 1312 2367 figuram
1354 2310 1705 2365 capitulorumque

60 2381 380 2434 magnitudinem
414 2382 531 2422 valde
562 2382 784 2423 variabilis.
831 2382 874 2421 C'.
906 2383 1111 2431 pinnatus
1140 2378 1300 2429 Desf.‚
1333 2391 1503 2430 quocum
1534 2376 1704 2417 formam

60 2448 362 2487 caulescentem
394 2448 608 2489 latifoliam
640 2450 896 2495 commutavi,
931 2447 1063 2486 differt
1094 2460 1143 2487 ex
1172 2448 1291 2486 icone
1322 2446 1370 2485 cl.
1397 2443 1705 2484 Desfontai-

62 2516 202 2553 nesii
233 2515 356 2566 (Flor.
376 2516 444 2556 atl.
475 2516 524 2556 ll.
552 2522 577 2556 t.
607 2518 715 2569 229.)
746 2515 923 2569 capitulo
954 2515 1080 2554 multo
1111 2515 1280 2569 majore,
1312 2512 1494 2566 squamis
1524 2510 1706 2551 anthodii

62 2582 244 2621 enerviis
274 2583 399 2621 multo
430 2581 665 2631 latioribus,
709 2583 819 2622 foliis
849 2595 978 2635 usque
1009 2581 1057 2621 ad
1087 2586 1242 2621 costam
1275 2579 1583 2636 pinnatisectis‚
1615 2591 1708 2633 seg-

63 2650 212 2688 mentis
243 2648 337 2688 latis
368 2650 581 2702 tripartitis
612 2650 661 2690 ad
691 2654 845 2690 costam
868 2647 1216 2689 subverticillatis.
1249 2647 1468 2700 Hucusque
1498 2647 1538 2684 in
1568 2646 1708 2698 penin-

64 2716 154 2755 sula
186 2714 396 2768 hispanica
425 2716 601 2757 nondum
631 2721 820 2770 repertus
849 2720 925 2758 est.

174 2784 269 2823 570.
332 2782 373 2822 0.
406 2785 580 2823 lanatus
609 2783 688 2832 (L.)
718 2783 762 2823 C.
794 2783 842 2823 Η.
875 2782 1086 2823 Schultz
1117 2782 1208 2837 Rip.
1265 2778 1618 2833 (Kentrophyllum
1651 2776 1706 2817 la-

65 2853 203 2888 natum
235 2847 342 2888 nec.
375 2848 496 2890 Gren.
532 2849 651 2891 Godr.
683 2851 708 2890 l.
742 2864 773 2892 c.
805 2864 843 2904 p.
872 2854 985 2897 265.)

176 2914 221 2955 ln
251 2915 441 2966 incultis,
481 2915 713 2967 sterilibus,
744 2919 855 2973 agris
884 2916 1060 2961 desertis
1091 2917 1319 2971 Aragoniae
1350 2916 1572 2970 inferioris,
1604 2930 1638 2960 v.
1672 2931 1704 2959 c.
