<?xml version="1.0" encoding="UTF-8"?>
<!DOCTYPE html PUBLIC "-//W3C//DTD XHTML 1.0 Transitional//EN"
    "http://www.w3.org/TR/xhtml1/DTD/xhtml1-transitional.dtd">
<html xmlns="http://www.w3.org/1999/xhtml" xml:lang="en" lang="en">
 <head>
  <title>
</title>
<meta http-equiv="Content-Type" content="text/html;charset=utf-8" />
  <meta name='ocr-system' content='tesseract 3.04.00' />
  <meta name='ocr-capabilities' content='ocr_page ocr_carea ocr_par ocr_line ocrx_word'/>
</head>
<body>
  <div class='ocr_page' id='page_1' title='image "./sertumfloraehisp00will_0068.png"; bbox 0 0 1867 3215; ppageno 0'>
   <div class='ocr_carea' id='block_1_1' title="bbox 112 109 179 154">
    <p class='ocr_par' dir='ltr' id='par_1_1' title="bbox 112 109 179 154">
     <span class='ocr_line' id='line_1_1' title="bbox 112 109 179 154; baseline -0.03 0"><span class='ocrx_word' id='word_1_1' title='bbox 112 109 179 154; x_wconf 81' lang='lat'><strong>60</strong></span> 
     </span>
    </p>
   </div>
   <div class='ocr_carea' id='block_1_2' title="bbox 225 224 1289 347">
    <p class='ocr_par' dir='ltr' id='par_1_2' title="bbox 225 224 1289 347">
     <span class='ocr_line' id='line_1_2' title="bbox 725 224 1034 274; baseline 0.003 -8"><span class='ocrx_word' id='word_1_2' title='bbox 725 270 730 274; x_wconf 50' lang='grc'><strong>,</strong></span> <span class='ocrx_word' id='word_1_3' title='bbox 865 224 1034 268; x_wconf 71' lang='lat' dir='ltr'><strong>Fernca.</strong></span> 
     </span>
     <span class='ocr_line' id='line_1_3' title="bbox 225 293 1289 347; baseline -0.009 -5"><span class='ocrx_word' id='word_1_4' title='bbox 225 304 318 341; x_wconf 84' lang='grc'><strong>406.</strong></span> <span class='ocrx_word' id='word_1_5' title='bbox 379 297 427 337; x_wconf 82' lang='lat' dir='ltr'><strong>F.</strong></span> <span class='ocrx_word' id='word_1_6' title='bbox 458 296 686 336; x_wconf 76' lang='lat' dir='ltr'><strong>communis</strong></span> <span class='ocrx_word' id='word_1_7' title='bbox 718 293 759 334; x_wconf 88' lang='lat' dir='ltr'><strong>L.</strong></span> <span class='ocrx_word' id='word_1_8' title='bbox 793 293 901 334; x_wconf 79' lang='lat' dir='ltr'><strong>Dec.</strong></span> <span class='ocrx_word' id='word_1_9' title='bbox 933 295 997 336; x_wconf 85' lang='lat' dir='ltr'><strong>Pr.</strong></span> <span class='ocrx_word' id='word_1_10' title='bbox 1030 294 1096 334; x_wconf 89' lang='lat' dir='ltr'><strong>IV.</strong></span> <span class='ocrx_word' id='word_1_11' title='bbox 1130 307 1167 347; x_wconf 88' lang='lat' dir='ltr'><strong>p.</strong></span> <span class='ocrx_word' id='word_1_12' title='bbox 1201 295 1289 333; x_wconf 78' lang='lat'><strong>172.</strong></span> 
     </span>
    </p>
   </div>
   <div class='ocr_carea' id='block_1_3' title="bbox 116 358 1760 475">
    <p class='ocr_par' dir='ltr' id='par_1_3' title="bbox 116 358 1760 475">
     <span class='ocr_line' id='line_1_4' title="bbox 225 358 1760 420; baseline -0.007 -13"><span class='ocrx_word' id='word_1_13' title='bbox 225 368 270 407; x_wconf 86' lang='lat' dir='ltr'><strong>ln</strong></span> <span class='ocrx_word' id='word_1_14' title='bbox 303 365 467 420; x_wconf 81' lang='lat' dir='ltr'>pascuis</span> <span class='ocrx_word' id='word_1_15' title='bbox 497 365 603 403; x_wconf 86' lang='lat' dir='ltr'><strong>inter</strong></span> <span class='ocrx_word' id='word_1_16' title='bbox 633 363 671 402; x_wconf 87' lang='lat' dir='ltr'><strong>el</strong></span> <span class='ocrx_word' id='word_1_17' title='bbox 701 361 886 401; x_wconf 86' lang='lat' dir='ltr'><strong>Escorial</strong></span> <span class='ocrx_word' id='word_1_18' title='bbox 917 365 956 401; x_wconf 86' lang='lat' dir='ltr'><strong>et</strong></span> <span class='ocrx_word' id='word_1_19' title='bbox 986 361 1204 402; x_wconf 82' lang='lat' dir='ltr'><strong>Madritum</strong></span> <span class='ocrx_word' id='word_1_20' title='bbox 1235 361 1414 412; x_wconf 83' lang='lat' dir='ltr'>copiose.</span> <span class='ocrx_word' id='word_1_21' title='bbox 1448 359 1562 412; x_wconf 80' lang='lat' dir='ltr'><strong>Sept.</strong></span> <span class='ocrx_word' id='word_1_22' title='bbox 1597 358 1760 398; x_wconf 88' lang='lat' dir='ltr'><strong>omnino</strong></span> 
     </span>
     <span class='ocr_line' id='line_1_5' title="bbox 116 429 739 475; baseline -0.011 0"><span class='ocrx_word' id='word_1_23' title='bbox 116 435 261 475; x_wconf 83' lang='lat' dir='ltr'><strong>exsicc.</strong></span> <span class='ocrx_word' id='word_1_24' title='bbox 293 432 366 472; x_wconf 85' lang='lat' dir='ltr'><strong>sed</strong></span> <span class='ocrx_word' id='word_1_25' title='bbox 397 443 486 471; x_wconf 88' lang='lat' dir='ltr'><strong>cum</strong></span> <span class='ocrx_word' id='word_1_26' title='bbox 515 429 561 470; x_wconf 86' lang='lat' dir='ltr'><strong>fr.</strong></span> <span class='ocrx_word' id='word_1_27' title='bbox 595 434 739 469; x_wconf 84' lang='lat' dir='ltr'><strong>matur.</strong></span> 
     </span>
    </p>
   </div>
   <div class='ocr_carea' id='block_1_4' title="bbox 119 493 1761 751">
    <p class='ocr_par' dir='ltr' id='par_1_4' title="bbox 119 493 1761 751">
     <span class='ocr_line' id='line_1_6' title="bbox 820 493 1062 536; baseline -0.004 -3"><span class='ocrx_word' id='word_1_28' title='bbox 820 493 1062 536; x_wconf 75' lang='lat' dir='ltr'><strong>pastinaca.</strong></span> 
     </span>
     <span class='ocr_line' id='line_1_7' title="bbox 228 559 1756 614; baseline -0.006 -7"><span class='ocrx_word' id='word_1_29' title='bbox 228 568 321 607; x_wconf 80' lang='grc'><strong>407.</strong></span> <span class='ocrx_word' id='word_1_30' title='bbox 384 561 435 605; x_wconf 84' lang='grc' dir='ltr'><strong>Ρ.</strong></span> <span class='ocrx_word' id='word_1_31' title='bbox 465 565 603 602; x_wconf 73' lang='lat' dir='ltr'><strong>sativa</strong></span> <span class='ocrx_word' id='word_1_32' title='bbox 633 562 674 603; x_wconf 86' lang='lat' dir='ltr'><strong>L.</strong></span> <span class='ocrx_word' id='word_1_33' title='bbox 740 569 780 600; x_wconf 74' lang='grc' dir='ltr'><strong>α.</strong></span> <span class='ocrx_word' id='word_1_34' title='bbox 811 564 1014 600; x_wconf 77' lang='lat' dir='ltr'><strong>silvestris</strong></span> <span class='ocrx_word' id='word_1_35' title='bbox 1042 561 1133 602; x_wconf 78' lang='lat' dir='ltr'><strong>Dc,</strong></span> <span class='ocrx_word' id='word_1_36' title='bbox 1170 560 1229 603; x_wconf 87' lang='lat' dir='ltr'><strong>Pr.</strong></span> <span class='ocrx_word' id='word_1_37' title='bbox 1260 561 1326 601; x_wconf 91' lang='lat' dir='ltr'><strong>lv.</strong></span> <span class='ocrx_word' id='word_1_38' title='bbox 1359 574 1395 614; x_wconf 85' lang='lat' dir='ltr'><strong>p.</strong></span> <span class='ocrx_word' id='word_1_39' title='bbox 1430 563 1520 602; x_wconf 80' lang='lat'>189.</span> <span class='ocrx_word' id='word_1_40' title='bbox 1581 559 1639 600; x_wconf 87' lang='lat' dir='ltr'><strong>Pl.</strong></span> <span class='ocrx_word' id='word_1_41' title='bbox 1672 571 1756 599; x_wconf 74' lang='lat' dir='ltr'><strong>exo.</strong></span> 
     </span>
     <span class='ocr_line' id='line_1_8' title="bbox 119 634 583 674; baseline -0.009 0"><span class='ocrx_word' id='word_1_42' title='bbox 119 634 210 674; x_wconf 90' lang='lat' dir='ltr'><strong>coll.</strong></span> <span class='ocrx_word' id='word_1_43' title='bbox 243 645 334 672; x_wconf 87' lang='lat' dir='ltr'><strong>ven.</strong></span> <span class='ocrx_word' id='word_1_44' title='bbox 367 644 404 670; x_wconf 91' lang='lat' dir='ltr'><strong>n.</strong></span> <span class='ocrx_word' id='word_1_45' title='bbox 439 634 515 672; x_wconf 83' lang='lat'><strong>571</strong></span> <span class='ocrx_word' id='word_1_46' title='bbox 548 643 583 670; x_wconf 86' lang='lat' dir='ltr'><strong>a.</strong></span> 
     </span>
     <span class='ocr_line' id='line_1_9' title="bbox 222 693 1761 751; baseline -0.004 -14"><span class='ocrx_word' id='word_1_47' title='bbox 222 698 269 737; x_wconf 86' lang='lat' dir='ltr'><strong>ln</strong></span> <span class='ocrx_word' id='word_1_48' title='bbox 306 700 467 739; x_wconf 80' lang='lat' dir='ltr'>saxosis</span> <span class='ocrx_word' id='word_1_49' title='bbox 506 700 546 736; x_wconf 91' lang='lat' dir='ltr'><strong>in</strong></span> <span class='ocrx_word' id='word_1_50' title='bbox 588 697 693 736; x_wconf 85' lang='lat' dir='ltr'><strong>valle</strong></span> <span class='ocrx_word' id='word_1_51' title='bbox 738 696 850 736; x_wconf 87' lang='lat' dir='ltr'><strong>fluvii</strong></span> <span class='ocrx_word' id='word_1_52' title='bbox 880 697 1040 751; x_wconf 84' lang='lat' dir='ltr'><strong>Aragon</strong></span> <span class='ocrx_word' id='word_1_53' title='bbox 1081 698 1186 735; x_wconf 82' lang='lat' dir='ltr'><strong>inter</strong></span> <span class='ocrx_word' id='word_1_54' title='bbox 1217 695 1385 735; x_wconf 81' lang='lat' dir='ltr'><strong>Castillo</strong></span> <span class='ocrx_word' id='word_1_55' title='bbox 1420 699 1459 735; x_wconf 88' lang='lat' dir='ltr'><strong>et</strong></span> <span class='ocrx_word' id='word_1_56' title='bbox 1491 694 1692 734; x_wconf 79' lang='lat' dir='ltr'><strong>Gantranc</strong></span> <span class='ocrx_word' id='word_1_57' title='bbox 1721 693 1761 731; x_wconf 87' lang='lat' dir='ltr'><strong>in</strong></span> 
     </span>
    </p>
   </div>
   <div class='ocr_carea' id='block_1_5' title="bbox 118 758 1762 1015">
    <p class='ocr_par' dir='ltr' id='par_1_5' title="bbox 118 758 1762 1015">
     <span class='ocr_line' id='line_1_10' title="bbox 118 758 1762 820; baseline -0.002 -15"><span class='ocrx_word' id='word_1_58' title='bbox 118 766 330 817; x_wconf 74' lang='lat' dir='ltr'><strong>Pyrenaeis</strong></span> <span class='ocrx_word' id='word_1_59' title='bbox 363 766 603 820; x_wconf 80' lang='lat' dir='ltr'><strong>Aragoniae‚</strong></span> <span class='ocrx_word' id='word_1_60' title='bbox 644 764 768 803; x_wconf 88' lang='lat' dir='ltr'><strong>Junio</strong></span> <span class='ocrx_word' id='word_1_61' title='bbox 811 777 844 803; x_wconf 88' lang='lat' dir='ltr'><strong>c.</strong></span> <span class='ocrx_word' id='word_1_62' title='bbox 878 764 938 811; x_wconf 86' lang='lat' dir='ltr'><strong>ss.;</strong></span> <span class='ocrx_word' id='word_1_63' title='bbox 979 765 1018 802; x_wconf 89' lang='lat' dir='ltr'><strong>in</strong></span> <span class='ocrx_word' id='word_1_64' title='bbox 1057 764 1314 816; x_wconf 88' lang='lat' dir='ltr'><strong>rupestribus</strong></span> <span class='ocrx_word' id='word_1_65' title='bbox 1353 775 1478 816; x_wconf 84' lang='lat' dir='ltr'>prope</span> <span class='ocrx_word' id='word_1_66' title='bbox 1508 758 1762 802; x_wconf 79' lang='lat' dir='ltr'><strong>Prados-Re·</strong></span> 
     </span>
     <span class='ocr_line' id='line_1_11' title="bbox 121 829 1460 886; baseline -0.002 -15"><span class='ocrx_word' id='word_1_67' title='bbox 121 831 273 873; x_wconf 76' lang='lat' dir='ltr'><strong>dando:</strong></span> <span class='ocrx_word' id='word_1_68' title='bbox 307 832 413 871; x_wconf 85' lang='lat' dir='ltr'><strong>haud</strong></span> <span class='ocrx_word' id='word_1_69' title='bbox 443 831 583 886; x_wconf 90' lang='lat' dir='ltr'><strong>procul</strong></span> <span class='ocrx_word' id='word_1_70' title='bbox 614 844 637 870; x_wconf 87' lang='lat' dir='ltr'><strong>a</strong></span> <span class='ocrx_word' id='word_1_71' title='bbox 667 830 822 870; x_wconf 84' lang='lat' dir='ltr'><strong>Molina</strong></span> <span class='ocrx_word' id='word_1_72' title='bbox 851 830 901 870; x_wconf 84' lang='lat' dir='ltr'><strong>de</strong></span> <span class='ocrx_word' id='word_1_73' title='bbox 932 831 1107 884; x_wconf 82' lang='lat' dir='ltr'><strong>Aragon,</strong></span> <span class='ocrx_word' id='word_1_74' title='bbox 1139 830 1251 870; x_wconf 85' lang='lat' dir='ltr'><strong>Julio</strong></span> <span class='ocrx_word' id='word_1_75' title='bbox 1283 844 1314 870; x_wconf 89' lang='lat' dir='ltr'><strong>c.</strong></span> <span class='ocrx_word' id='word_1_76' title='bbox 1350 829 1396 870; x_wconf 89' lang='lat' dir='ltr'><strong>fr.</strong></span> <span class='ocrx_word' id='word_1_77' title='bbox 1458 851 1460 854; x_wconf 95' lang='lat'>·</span> 
     </span>
     <span class='ocr_line' id='line_1_12' title="bbox 813 898 1080 937; baseline 0 -1"><span class='ocrx_word' id='word_1_78' title='bbox 813 898 1080 937; x_wconf 78' lang='lat' dir='ltr'><strong>Heracleum.</strong></span> 
     </span>
     <span class='ocr_line' id='line_1_13' title="bbox 230 963 854 1015; baseline -0.002 -9"><span class='ocrx_word' id='word_1_79' title='bbox 230 968 324 1006; x_wconf 83' lang='grc'><strong>408.</strong></span> <span class='ocrx_word' id='word_1_80' title='bbox 386 964 441 1005; x_wconf 88' lang='grc' dir='ltr'><strong>Η.</strong></span> <span class='ocrx_word' id='word_1_81' title='bbox 477 963 778 1015; x_wconf 71' lang='lat' dir='ltr'><strong>Splaeondylium</strong></span> <span class='ocrx_word' id='word_1_82' title='bbox 809 964 854 1005; x_wconf 89' lang='lat' dir='ltr'><strong>L.</strong></span> 
     </span>
    </p>
   </div>
   <div class='ocr_carea' id='block_1_6' title="bbox 230 1030 1703 1150">
    <p class='ocr_par' dir='ltr' id='par_1_6' title="bbox 230 1030 1703 1150">
     <span class='ocr_line' id='line_1_14' title="bbox 230 1030 1703 1086; baseline 0 -16"><span class='ocrx_word' id='word_1_83' title='bbox 230 1032 276 1070; x_wconf 91' lang='lat' dir='ltr'><strong>In</strong></span> <span class='ocrx_word' id='word_1_84' title='bbox 310 1033 437 1084; x_wconf 85' lang='lat' dir='ltr'><strong>pratis</strong></span> <span class='ocrx_word' id='word_1_85' title='bbox 468 1032 699 1071; x_wconf 76' lang='lat' dir='ltr'><strong>Cantabriae</strong></span> <span class='ocrx_word' id='word_1_86' title='bbox 729 1037 771 1072; x_wconf 85' lang='lat' dir='ltr'><strong>et</strong></span> <span class='ocrx_word' id='word_1_87' title='bbox 800 1033 993 1073; x_wconf 85' lang='lat' dir='ltr'><strong>Navarrae</strong></span> <span class='ocrx_word' id='word_1_88' title='bbox 1024 1033 1114 1072; x_wconf 85' lang='lat' dir='ltr'><strong>hinc</strong></span> <span class='ocrx_word' id='word_1_89' title='bbox 1147 1033 1252 1073; x_wconf 83' lang='lat' dir='ltr'><strong>inde.</strong></span> <span class='ocrx_word' id='word_1_90' title='bbox 1285 1031 1410 1086; x_wconf 84' lang='lat' dir='ltr'><strong>Majo,</strong></span> <span class='ocrx_word' id='word_1_91' title='bbox 1442 1031 1566 1072; x_wconf 77' lang='lat' dir='ltr'><strong>Junio</strong></span> <span class='ocrx_word' id='word_1_92' title='bbox 1600 1043 1631 1070; x_wconf 87' lang='lat' dir='ltr'><strong>c.</strong></span> <span class='ocrx_word' id='word_1_93' title='bbox 1665 1030 1703 1070; x_wconf 88' lang='lat' dir='ltr'><strong>fl.</strong></span> 
     </span>
     <span class='ocr_line' id='line_1_15' title="bbox 233 1098 937 1150; baseline -0.001 -11"><span class='ocrx_word' id='word_1_94' title='bbox 233 1102 326 1139; x_wconf 82' lang='lat'><strong>409.</strong></span> <span class='ocrx_word' id='word_1_95' title='bbox 386 1098 442 1141; x_wconf 84' lang='lat' dir='ltr'><strong>H,</strong></span> <span class='ocrx_word' id='word_1_96' title='bbox 470 1102 742 1150; x_wconf 72' lang='lat' dir='ltr'><strong>pyrenaicum</strong></span> <span class='ocrx_word' id='word_1_97' title='bbox 773 1099 937 1139; x_wconf 85' lang='lat' dir='ltr'><strong>Lamk.</strong></span> 
     </span>
    </p>
   </div>
   <div class='ocr_carea' id='block_1_7' title="bbox 123 1164 1771 1607">
    <p class='ocr_par' dir='ltr' id='par_1_7' title="bbox 123 1164 1771 1607">
     <span class='ocr_line' id='line_1_16' title="bbox 231 1164 1771 1220; baseline 0.001 -17"><span class='ocrx_word' id='word_1_98' title='bbox 231 1164 276 1203; x_wconf 93' lang='lat' dir='ltr'><strong>In</strong></span> <span class='ocrx_word' id='word_1_99' title='bbox 317 1165 493 1204; x_wconf 87' lang='lat' dir='ltr'><strong>vallibus</strong></span> <span class='ocrx_word' id='word_1_100' title='bbox 532 1166 821 1218; x_wconf 83' lang='lat' dir='ltr'><strong>Pyrenaeorum</strong></span> <span class='ocrx_word' id='word_1_101' title='bbox 863 1167 1078 1220; x_wconf 80' lang='lat' dir='ltr'><strong>Aragoniae</strong></span> <span class='ocrx_word' id='word_1_102' title='bbox 1120 1165 1381 1205; x_wconf 82' lang='lat' dir='ltr'><strong>inferioribus</strong></span> <span class='ocrx_word' id='word_1_103' title='bbox 1421 1165 1471 1206; x_wconf 84' lang='lat' dir='ltr'><strong>ad</strong></span> <span class='ocrx_word' id='word_1_104' title='bbox 1502 1167 1636 1216; x_wconf 87' lang='lat' dir='ltr'><strong>rivos,</strong></span> <span class='ocrx_word' id='word_1_105' title='bbox 1667 1179 1704 1205; x_wconf 89' lang='lat' dir='ltr'><strong>v.</strong></span> <span class='ocrx_word' id='word_1_106' title='bbox 1737 1180 1771 1206; x_wconf 87' lang='lat' dir='ltr'><strong>c.</strong></span> 
     </span>
     <span class='ocr_line' id='line_1_17' title="bbox 123 1231 1430 1288; baseline 0.002 -18"><span class='ocrx_word' id='word_1_107' title='bbox 123 1231 173 1270; x_wconf 88' lang='lat' dir='ltr'><strong>ad</strong></span> <span class='ocrx_word' id='word_1_108' title='bbox 204 1231 350 1271; x_wconf 83' lang='lat' dir='ltr'><strong>fluvios</strong></span> <span class='ocrx_word' id='word_1_109' title='bbox 382 1234 557 1287; x_wconf 79' lang='lat' dir='ltr'><strong>Aragon,</strong></span> <span class='ocrx_word' id='word_1_110' title='bbox 590 1232 763 1288; x_wconf 84' lang='lat' dir='ltr'><strong>Gallego</strong></span> <span class='ocrx_word' id='word_1_111' title='bbox 795 1236 870 1274; x_wconf 82' lang='lat' dir='ltr'><strong>etc.</strong></span> <span class='ocrx_word' id='word_1_112' title='bbox 902 1233 1028 1273; x_wconf 84' lang='lat' dir='ltr'><strong>Junio</strong></span> <span class='ocrx_word' id='word_1_113' title='bbox 1059 1232 1236 1272; x_wconf 89' lang='lat' dir='ltr'><strong>nondum</strong></span> <span class='ocrx_word' id='word_1_114' title='bbox 1265 1232 1430 1273; x_wconf 84' lang='lat' dir='ltr'><strong>florens.</strong></span> 
     </span>
     <span class='ocr_line' id='line_1_18' title="bbox 814 1299 1083 1340; baseline 0.007 -2"><span class='ocrx_word' id='word_1_115' title='bbox 814 1299 1083 1340; x_wconf 64' lang='lat' dir='ltr'><strong>Lea—iscscum.</strong></span> 
     </span>
     <span class='ocr_line' id='line_1_19' title="bbox 234 1364 855 1414; baseline 0.005 -9"><span class='ocrx_word' id='word_1_116' title='bbox 234 1370 327 1407; x_wconf 84' lang='grc'><strong>410.</strong></span> <span class='ocrx_word' id='word_1_117' title='bbox 390 1365 436 1404; x_wconf 80' lang='lat' dir='ltr'><strong>L.</strong></span> <span class='ocrx_word' id='word_1_118' title='bbox 471 1364 683 1414; x_wconf 75' lang='lat' dir='ltr'><strong>officinale</strong></span> <span class='ocrx_word' id='word_1_119' title='bbox 711 1367 855 1409; x_wconf 83' lang='lat' dir='ltr'><strong>Koch.</strong></span> 
     </span>
     <span class='ocr_line' id='line_1_20' title="bbox 236 1433 1308 1488; baseline 0.002 -16"><span class='ocrx_word' id='word_1_120' title='bbox 236 1433 294 1473; x_wconf 80' lang='lat' dir='ltr'><strong>Ad</strong></span> <span class='ocrx_word' id='word_1_121' title='bbox 324 1433 489 1472; x_wconf 89' lang='lat' dir='ltr'><strong>fluvium</strong></span> <span class='ocrx_word' id='word_1_122' title='bbox 521 1434 630 1472; x_wconf 85' lang='lat' dir='ltr'><strong>Ansa</strong></span> <span class='ocrx_word' id='word_1_123' title='bbox 663 1447 789 1488; x_wconf 82' lang='lat' dir='ltr'><strong>prope</strong></span> <span class='ocrx_word' id='word_1_124' title='bbox 820 1434 980 1483; x_wconf 86' lang='lat' dir='ltr'><strong>Bilbao,</strong></span> <span class='ocrx_word' id='word_1_125' title='bbox 1014 1433 1123 1488; x_wconf 83' lang='lat' dir='ltr'><strong>Majo</strong></span> <span class='ocrx_word' id='word_1_126' title='bbox 1156 1447 1189 1475; x_wconf 86' lang='lat' dir='ltr'><strong>c.</strong></span> <span class='ocrx_word' id='word_1_127' title='bbox 1222 1434 1308 1474; x_wconf 83' lang='lat' dir='ltr'><strong>flor.</strong></span> 
     </span>
     <span class='ocr_line' id='line_1_21' title="bbox 824 1501 1065 1541; baseline 0.008 -2"><span class='ocrx_word' id='word_1_128' title='bbox 824 1501 1065 1541; x_wconf 77' lang='lat' dir='ltr'><strong>Crithmum.</strong></span> 
     </span>
     <span class='ocr_line' id='line_1_22' title="bbox 238 1566 793 1607; baseline 0.002 -1"><span class='ocrx_word' id='word_1_129' title='bbox 238 1569 332 1607; x_wconf 87' lang='grc'><strong>411.</strong></span> <span class='ocrx_word' id='word_1_130' title='bbox 395 1566 436 1607; x_wconf 81' lang='lat' dir='ltr'><strong>C.</strong></span> <span class='ocrx_word' id='word_1_131' title='bbox 468 1569 722 1605; x_wconf 79' lang='lat' dir='ltr'><strong>maritimum</strong></span> <span class='ocrx_word' id='word_1_132' title='bbox 750 1567 793 1607; x_wconf 61' lang='lat' dir='ltr'><strong>Is.</strong></span> 
     </span>
    </p>
   </div>
   <div class='ocr_carea' id='block_1_8' title="bbox 124 1633 1768 1754">
    <p class='ocr_par' dir='ltr' id='par_1_8' title="bbox 124 1633 1768 1754">
     <span class='ocr_line' id='line_1_23' title="bbox 237 1633 1768 1689; baseline 0.002 -17"><span class='ocrx_word' id='word_1_133' title='bbox 237 1633 295 1672; x_wconf 84' lang='lat' dir='ltr'><strong>Ad</strong></span> <span class='ocrx_word' id='word_1_134' title='bbox 334 1636 499 1674; x_wconf 85' lang='lat' dir='ltr'><strong>canales</strong></span> <span class='ocrx_word' id='word_1_135' title='bbox 540 1648 646 1689; x_wconf 87' lang='lat' dir='ltr'><strong>aqua</strong></span> <span class='ocrx_word' id='word_1_136' title='bbox 684 1636 840 1674; x_wconf 85' lang='lat' dir='ltr'><strong>marina</strong></span> <span class='ocrx_word' id='word_1_137' title='bbox 879 1636 1069 1689; x_wconf 83' lang='lat' dir='ltr'><strong>impletas</strong></span> <span class='ocrx_word' id='word_1_138' title='bbox 1107 1637 1213 1675; x_wconf 87' lang='lat' dir='ltr'><strong>inter</strong></span> <span class='ocrx_word' id='word_1_139' title='bbox 1241 1635 1352 1675; x_wconf 92' lang='lat' dir='ltr'><strong>Yrun</strong></span> <span class='ocrx_word' id='word_1_140' title='bbox 1393 1638 1433 1674; x_wconf 88' lang='lat' dir='ltr'><strong>et</strong></span> <span class='ocrx_word' id='word_1_141' title='bbox 1462 1634 1768 1679; x_wconf 86' lang='lat' dir='ltr'><strong>Fuenterrabia.</strong></span> 
     </span>
     <span class='ocr_line' id='line_1_24' title="bbox 124 1698 477 1754; baseline 0.006 -14"><span class='ocrx_word' id='word_1_142' title='bbox 124 1698 237 1754; x_wconf 83' lang='lat' dir='ltr'><strong>Majo</strong></span> <span class='ocrx_word' id='word_1_143' title='bbox 269 1703 359 1741; x_wconf 84' lang='lat' dir='ltr'><strong>sine</strong></span> <span class='ocrx_word' id='word_1_144' title='bbox 390 1701 477 1742; x_wconf 88' lang='lat' dir='ltr'><strong>flor.</strong></span> 
     </span>
    </p>
   </div>
   <div class='ocr_carea' id='block_1_9' title="bbox 238 1769 1716 1890">
    <p class='ocr_par' dir='ltr' id='par_1_9' title="bbox 238 1769 1716 1890">
     <span class='ocr_line' id='line_1_25' title="bbox 869 1769 1022 1808; baseline 0 0"><span class='ocrx_word' id='word_1_145' title='bbox 869 1769 1022 1808; x_wconf 60' lang='lat' dir='ltr'><strong>Meum.</strong></span> 
     </span>
     <span class='ocr_line' id='line_1_26' title="bbox 238 1830 1716 1890; baseline 0.001 -16"><span class='ocrx_word' id='word_1_146' title='bbox 238 1838 332 1875; x_wconf 77' lang='lat'><strong>412.</strong></span> <span class='ocrx_word' id='word_1_147' title='bbox 393 1836 534 1875; x_wconf 78' lang='lat' dir='ltr'><strong>Meum</strong></span> <span class='ocrx_word' id='word_1_148' title='bbox 564 1838 891 1875; x_wconf 76' lang='lat' dir='ltr'><em>athamanticum</em></span> <span class='ocrx_word' id='word_1_149' title='bbox 922 1837 1064 1890; x_wconf 87' lang='lat' dir='ltr'><strong>chn.</strong></span> <span class='ocrx_word' id='word_1_150' title='bbox 1098 1837 1156 1876; x_wconf 90' lang='lat' dir='ltr'><strong>Pl.</strong></span> <span class='ocrx_word' id='word_1_151' title='bbox 1189 1850 1272 1878; x_wconf 79' lang='lat' dir='ltr'><strong>exS.</strong></span> <span class='ocrx_word' id='word_1_152' title='bbox 1307 1837 1396 1878; x_wconf 85' lang='lat' dir='ltr'><strong>coll.</strong></span> <span class='ocrx_word' id='word_1_153' title='bbox 1428 1830 1517 1876; x_wconf 87' lang='lat' dir='ltr'><strong>ven.</strong></span> <span class='ocrx_word' id='word_1_154' title='bbox 1552 1848 1589 1876; x_wconf 76' lang='lat' dir='ltr'><strong>n,</strong></span> <span class='ocrx_word' id='word_1_155' title='bbox 1623 1838 1716 1876; x_wconf 81' lang='lat'><strong>361.</strong></span> 
     </span>
    </p>
   </div>
   <div class='ocr_carea' id='block_1_10' title="bbox 127 1902 1775 2012">
    <p class='ocr_par' dir='ltr' id='par_1_10' title="bbox 127 1902 1775 2012">
     <span class='ocr_line' id='line_1_27' title="bbox 240 1902 1775 1958; baseline 0.001 -17"><span class='ocrx_word' id='word_1_156' title='bbox 240 1902 284 1941; x_wconf 89' lang='lat' dir='ltr'><strong>ln</strong></span> <span class='ocrx_word' id='word_1_157' title='bbox 319 1903 464 1955; x_wconf 83' lang='lat' dir='ltr'><strong>Pyren.</strong></span> <span class='ocrx_word' id='word_1_158' title='bbox 498 1905 669 1958; x_wconf 84' lang='lat' dir='ltr'><strong>Aragon,</strong></span> <span class='ocrx_word' id='word_1_159' title='bbox 702 1905 741 1942; x_wconf 92' lang='lat' dir='ltr'><strong>in</strong></span> <span class='ocrx_word' id='word_1_160' title='bbox 774 1905 938 1957; x_wconf 80' lang='lat' dir='ltr'>pascuis</span> <span class='ocrx_word' id='word_1_161' title='bbox 968 1904 1118 1957; x_wconf 76' lang='lat' dir='ltr'><strong>alpinis</strong></span> <span class='ocrx_word' id='word_1_162' title='bbox 1150 1917 1274 1958; x_wconf 80' lang='lat' dir='ltr'><strong>prope</strong></span> <span class='ocrx_word' id='word_1_163' title='bbox 1304 1905 1449 1944; x_wconf 83' lang='lat' dir='ltr'><strong>balnea</strong></span> <span class='ocrx_word' id='word_1_164' title='bbox 1478 1904 1695 1944; x_wconf 77' lang='lat' dir='ltr'><strong>Panticosa</strong></span> <span class='ocrx_word' id='word_1_165' title='bbox 1724 1903 1775 1943; x_wconf 81' lang='lat' dir='ltr'><strong>ad</strong></span> 
     </span>
     <span class='ocr_line' id='line_1_28' title="bbox 127 1969 767 2012; baseline 0.006 -5"><span class='ocrx_word' id='word_1_166' title='bbox 127 1969 196 2008; x_wconf 88' lang='lat' dir='ltr'><strong>alt.</strong></span> <span class='ocrx_word' id='word_1_167' title='bbox 228 1984 259 2009; x_wconf 90' lang='lat' dir='ltr'><strong>c.</strong></span> <span class='ocrx_word' id='word_1_168' title='bbox 292 1974 429 2012; x_wconf 80' lang='lat'><strong>5500‘.</strong></span> <span class='ocrx_word' id='word_1_169' title='bbox 461 1970 585 2010; x_wconf 86' lang='lat' dir='ltr'><strong>Junio</strong></span> <span class='ocrx_word' id='word_1_170' title='bbox 618 1983 648 2008; x_wconf 87' lang='lat' dir='ltr'><strong>c.</strong></span> <span class='ocrx_word' id='word_1_171' title='bbox 682 1970 767 2011; x_wconf 85' lang='lat' dir='ltr'><strong>ssor.</strong></span> 
     </span>
    </p>
   </div>
   <div class='ocr_carea' id='block_1_11' title="bbox 127 2037 1778 2961">
    <p class='ocr_par' dir='ltr' id='par_1_11' title="bbox 820 2037 1094 2090">
     <span class='ocr_line' id='line_1_29' title="bbox 820 2037 1094 2090; baseline -0.007 -13"><span class='ocrx_word' id='word_1_172' title='bbox 820 2037 1094 2090; x_wconf 71' lang='lat' dir='ltr'><strong>Liquatz‘cum,</strong></span> 
     </span>
    </p>

    <p class='ocr_par' dir='ltr' id='par_1_12' title="bbox 132 2104 1768 2212">
     <span class='ocr_line' id='line_1_30' title="bbox 242 2104 1768 2158; baseline 0.001 -15"><span class='ocrx_word' id='word_1_173' title='bbox 242 2107 336 2145; x_wconf 89' lang='grc'><strong>413.</strong></span> <span class='ocrx_word' id='word_1_174' title='bbox 398 2104 445 2144; x_wconf 83' lang='lat' dir='ltr'><strong>L.</strong></span> <span class='ocrx_word' id='word_1_175' title='bbox 475 2116 733 2155; x_wconf 80' lang='lat' dir='ltr'><strong>pyrenaeum</strong></span> <span class='ocrx_word' id='word_1_176' title='bbox 763 2104 880 2145; x_wconf 87' lang='lat' dir='ltr'><strong>Gou.</strong></span> <span class='ocrx_word' id='word_1_177' title='bbox 914 2105 1036 2144; x_wconf 86' lang='lat' dir='ltr'><strong>Gren.</strong></span> <span class='ocrx_word' id='word_1_178' title='bbox 1071 2104 1191 2147; x_wconf 84' lang='lat' dir='ltr'><strong>Godr.</strong></span> <span class='ocrx_word' id='word_1_179' title='bbox 1224 2105 1248 2144; x_wconf 94' lang='grc' dir='ltr'><strong>Ι.</strong></span> <span class='ocrx_word' id='word_1_180' title='bbox 1281 2118 1313 2147; x_wconf 84' lang='lat' dir='ltr'><strong>c.</strong></span> <span class='ocrx_word' id='word_1_181' title='bbox 1344 2120 1381 2158; x_wconf 89' lang='lat' dir='ltr'><strong>p.</strong></span> <span class='ocrx_word' id='word_1_182' title='bbox 1413 2105 1653 2149; x_wconf 76' lang='lat' dir='ltr'>703.-P1.</span> <span class='ocrx_word' id='word_1_183' title='bbox 1684 2119 1768 2146; x_wconf 72' lang='lat' dir='ltr'><strong>ets.</strong></span> 
     </span>
     <span class='ocr_line' id='line_1_31' title="bbox 132 2171 539 2212; baseline 0 -2"><span class='ocrx_word' id='word_1_184' title='bbox 132 2171 221 2212; x_wconf 91' lang='lat' dir='ltr'><strong>coll.</strong></span> <span class='ocrx_word' id='word_1_185' title='bbox 253 2185 342 2211; x_wconf 88' lang='lat' dir='ltr'><strong>ven.</strong></span> <span class='ocrx_word' id='word_1_186' title='bbox 376 2185 413 2210; x_wconf 93' lang='lat' dir='ltr'><strong>n.</strong></span> <span class='ocrx_word' id='word_1_187' title='bbox 447 2175 539 2212; x_wconf 81' lang='grc'><strong>408.</strong></span> 
     </span>
    </p>

    <p class='ocr_par' dir='ltr' id='par_1_13' title="bbox 127 2237 1777 2490">
     <span class='ocr_line' id='line_1_32' title="bbox 244 2237 1777 2293; baseline 0.003 -18"><span class='ocrx_word' id='word_1_188' title='bbox 244 2237 286 2276; x_wconf 90' lang='lat' dir='ltr'><strong>ln</strong></span> <span class='ocrx_word' id='word_1_189' title='bbox 327 2239 501 2277; x_wconf 85' lang='lat' dir='ltr'><strong>vallibus</strong></span> <span class='ocrx_word' id='word_1_190' title='bbox 533 2239 823 2291; x_wconf 83' lang='lat' dir='ltr'><strong>Pyrenaeorum</strong></span> <span class='ocrx_word' id='word_1_191' title='bbox 865 2240 1080 2293; x_wconf 76' lang='lat' dir='ltr'><strong>Aragonioe</strong></span> <span class='ocrx_word' id='word_1_192' title='bbox 1112 2238 1159 2277; x_wconf 83' lang='lat' dir='ltr'><strong>ad</strong></span> <span class='ocrx_word' id='word_1_193' title='bbox 1191 2240 1325 2288; x_wconf 76' lang='lat' dir='ltr'><strong>rivos,</strong></span> <span class='ocrx_word' id='word_1_194' title='bbox 1371 2239 1421 2278; x_wconf 84' lang='lat' dir='ltr'><strong>ad</strong></span> <span class='ocrx_word' id='word_1_195' title='bbox 1452 2240 1519 2278; x_wconf 86' lang='lat' dir='ltr'><strong>alt.</strong></span> <span class='ocrx_word' id='word_1_196' title='bbox 1553 2241 1777 2287; x_wconf 43' lang='lat'><strong>3440001,</strong></span> 
     </span>
     <span class='ocr_line' id='line_1_33' title="bbox 133 2304 1775 2360; baseline 0.001 -17"><span class='ocrx_word' id='word_1_197' title='bbox 133 2304 258 2343; x_wconf 86' lang='lat' dir='ltr'><strong>Junio</strong></span> <span class='ocrx_word' id='word_1_198' title='bbox 293 2306 467 2344; x_wconf 90' lang='lat' dir='ltr'><strong>nondum</strong></span> <span class='ocrx_word' id='word_1_199' title='bbox 502 2305 676 2353; x_wconf 82' lang='lat' dir='ltr'><strong>florens;</strong></span> <span class='ocrx_word' id='word_1_200' title='bbox 705 2305 881 2345; x_wconf 79' lang='lat' dir='ltr'><strong>abundat</strong></span> <span class='ocrx_word' id='word_1_201' title='bbox 912 2306 960 2344; x_wconf 75' lang='lat' dir='ltr'><strong>ad</strong></span> <span class='ocrx_word' id='word_1_202' title='bbox 979 2306 1129 2344; x_wconf 79' lang='lat' dir='ltr'><strong>rivulos</strong></span> <span class='ocrx_word' id='word_1_203' title='bbox 1162 2307 1201 2344; x_wconf 94' lang='lat' dir='ltr'><strong>in</strong></span> <span class='ocrx_word' id='word_1_204' title='bbox 1235 2307 1360 2344; x_wconf 82' lang='lat' dir='ltr'><strong>latere</strong></span> <span class='ocrx_word' id='word_1_205' title='bbox 1385 2307 1632 2360; x_wconf 81' lang='lat' dir='ltr'><strong>aragonensi</strong></span> <span class='ocrx_word' id='word_1_206' title='bbox 1666 2319 1775 2344; x_wconf 85' lang='lat' dir='ltr'><strong>mon-</strong></span> 
     </span>
     <span class='ocr_line' id='line_1_34' title="bbox 134 2371 1774 2424; baseline 0.002 -17"><span class='ocrx_word' id='word_1_207' title='bbox 134 2371 187 2407; x_wconf 85' lang='lat' dir='ltr'><strong>tis</strong></span> <span class='ocrx_word' id='word_1_208' title='bbox 219 2371 358 2410; x_wconf 82' lang='lat' dir='ltr'><strong>Sierra</strong></span> <span class='ocrx_word' id='word_1_209' title='bbox 388 2371 436 2410; x_wconf 81' lang='lat' dir='ltr'><strong>(le</strong></span> <span class='ocrx_word' id='word_1_210' title='bbox 470 2371 670 2424; x_wconf 77' lang='lat' dir='ltr'><strong>Illoncayo</strong></span> <span class='ocrx_word' id='word_1_211' title='bbox 701 2372 749 2412; x_wconf 85' lang='lat' dir='ltr'><strong>ad</strong></span> <span class='ocrx_word' id='word_1_212' title='bbox 779 2373 847 2411; x_wconf 86' lang='lat' dir='ltr'><strong>alt.</strong></span> <span class='ocrx_word' id='word_1_213' title='bbox 879 2374 1188 2413; x_wconf 83' lang='lat'>1500—3000‘.</span> <span class='ocrx_word' id='word_1_214' title='bbox 1248 2372 1360 2412; x_wconf 80' lang='lat' dir='ltr'><strong>Julio</strong></span> <span class='ocrx_word' id='word_1_215' title='bbox 1405 2387 1436 2412; x_wconf 95' lang='lat' dir='ltr'><strong>c.</strong></span> <span class='ocrx_word' id='word_1_216' title='bbox 1470 2372 1554 2412; x_wconf 87' lang='lat' dir='ltr'><strong>ssor.</strong></span> <span class='ocrx_word' id='word_1_217' title='bbox 1588 2376 1629 2412; x_wconf 86' lang='lat' dir='ltr'><strong>et</strong></span> <span class='ocrx_word' id='word_1_218' title='bbox 1660 2372 1774 2411; x_wconf 71' lang='lat' dir='ltr'><strong>fruct.</strong></span> 
     </span>
     <span class='ocr_line' id='line_1_35' title="bbox 127 2437 296 2490; baseline 0.006 -17"><span class='ocrx_word' id='word_1_219' title='bbox 127 2437 296 2490; x_wconf 75' lang='lat' dir='ltr'><strong>juvenss.</strong></span> 
     </span>
    </p>

    <p class='ocr_par' dir='ltr' id='par_1_14' title="bbox 891 2505 1032 2545">
     <span class='ocr_line' id='line_1_36' title="bbox 891 2505 1032 2545; baseline 0.007 -1"><span class='ocrx_word' id='word_1_220' title='bbox 891 2505 1032 2545; x_wconf 66' lang='lat' dir='ltr'><strong>seseli.</strong></span> 
     </span>
    </p>

    <p class='ocr_par' dir='ltr' id='par_1_15' title="bbox 134 2573 1778 2961">
     <span class='ocr_line' id='line_1_37' title="bbox 244 2573 1777 2626; baseline 0.001 -13"><span class='ocrx_word' id='word_1_221' title='bbox 244 2576 337 2613; x_wconf 76' lang='lat'><strong>414.</strong></span> <span class='ocrx_word' id='word_1_222' title='bbox 402 2573 445 2612; x_wconf 86' lang='lat' dir='ltr'><strong>S.</strong></span> <span class='ocrx_word' id='word_1_223' title='bbox 478 2576 710 2614; x_wconf 71' lang='lat' dir='ltr'><strong>liltorah’n,</strong></span> <span class='ocrx_word' id='word_1_224' title='bbox 737 2587 796 2624; x_wconf 83' lang='lat' dir='ltr'><strong>sp.</strong></span> <span class='ocrx_word' id='word_1_225' title='bbox 844 2573 1038 2617; x_wconf 77' lang='lat' dir='ltr'><strong>Perenne,</strong></span> <span class='ocrx_word' id='word_1_226' title='bbox 1071 2573 1186 2611; x_wconf 86' lang='lat' dir='ltr'><strong>caule</strong></span> <span class='ocrx_word' id='word_1_227' title='bbox 1216 2574 1356 2612; x_wconf 80' lang='lat' dir='ltr'><strong>stricto</strong></span> <span class='ocrx_word' id='word_1_228' title='bbox 1390 2574 1570 2613; x_wconf 79' lang='lat' dir='ltr'><strong>flexuoso</strong></span> <span class='ocrx_word' id='word_1_229' title='bbox 1599 2587 1777 2626; x_wconf 81' lang='lat' dir='ltr'><strong>superne</strong></span> 
     </span>
     <span class='ocr_line' id='line_1_38' title="bbox 134 2640 1777 2693; baseline 0.001 -15"><span class='ocrx_word' id='word_1_230' title='bbox 134 2641 362 2679; x_wconf 83' lang='lat' dir='ltr'><strong>alternatim</strong></span> <span class='ocrx_word' id='word_1_231' title='bbox 394 2654 554 2680; x_wconf 81' lang='lat' dir='ltr'><strong>ramoso</strong></span> <span class='ocrx_word' id='word_1_232' title='bbox 586 2640 741 2687; x_wconf 72' lang='lat' dir='ltr'><strong>foliato,</strong></span> <span class='ocrx_word' id='word_1_233' title='bbox 775 2640 885 2678; x_wconf 80' lang='lat' dir='ltr'><strong>foliis</strong></span> <span class='ocrx_word' id='word_1_234' title='bbox 914 2640 1157 2679; x_wconf 70' lang='lat' dir='ltr'><strong>raclicalibus</strong></span> <span class='ocrx_word' id='word_1_235' title='bbox 1189 2640 1364 2678; x_wconf 74' lang='lat' dir='ltr'><strong>breviter</strong></span> <span class='ocrx_word' id='word_1_236' title='bbox 1396 2641 1600 2693; x_wconf 76' lang='lat' dir='ltr'><strong>petiolatis</strong></span> <span class='ocrx_word' id='word_1_237' title='bbox 1627 2641 1777 2693; x_wconf 80' lang='lat' dir='ltr'><strong>petiolo</strong></span> 
     </span>
     <span class='ocr_line' id='line_1_39' title="bbox 135 2707 1777 2761; baseline 0.001 -16"><span class='ocrx_word' id='word_1_238' title='bbox 135 2720 258 2758; x_wconf 84' lang='lat' dir='ltr'><strong>supra</strong></span> <span class='ocrx_word' id='word_1_239' title='bbox 308 2707 599 2754; x_wconf 75' lang='lat' dir='ltr'><strong>canaliculato,</strong></span> <span class='ocrx_word' id='word_1_240' title='bbox 646 2707 816 2746; x_wconf 80' lang='lat' dir='ltr'><strong>caulinis</strong></span> <span class='ocrx_word' id='word_1_241' title='bbox 862 2708 1078 2745; x_wconf 76' lang='lat' dir='ltr'><strong>sessilibus</strong></span> <span class='ocrx_word' id='word_1_242' title='bbox 1123 2708 1309 2745; x_wconf 87' lang='lat' dir='ltr'><strong>omnibus</strong></span> <span class='ocrx_word' id='word_1_243' title='bbox 1351 2708 1494 2761; x_wconf 71' lang='lat' dir='ltr'><strong>rigidis</strong></span> <span class='ocrx_word' id='word_1_244' title='bbox 1534 2707 1777 2747; x_wconf 70' lang='lat' dir='ltr'><strong>radientibus</strong></span> 
     </span>
     <span class='ocr_line' id='line_1_40' title="bbox 136 2773 1777 2828; baseline 0.002 -18"><span class='ocrx_word' id='word_1_245' title='bbox 136 2774 388 2826; x_wconf 80' lang='lat' dir='ltr'><strong>caulinisque</strong></span> <span class='ocrx_word' id='word_1_246' title='bbox 429 2773 688 2813; x_wconf 76' lang='lat' dir='ltr'><strong>inferioribus</strong></span> <span class='ocrx_word' id='word_1_247' title='bbox 726 2776 892 2812; x_wconf 73' lang='lat' dir='ltr'><strong>circuitu</strong></span> <span class='ocrx_word' id='word_1_248' title='bbox 927 2776 1056 2812; x_wconf 65' lang='lat' dir='ltr'><strong>oratis</strong></span> <span class='ocrx_word' id='word_1_249' title='bbox 1087 2775 1425 2825; x_wconf 76' lang='lat' dir='ltr'><strong>tripinnatisectis</strong></span> <span class='ocrx_word' id='word_1_250' title='bbox 1455 2776 1680 2828; x_wconf 83' lang='lat' dir='ltr'><strong>segmentis</strong></span> <span class='ocrx_word' id='word_1_251' title='bbox 1711 2788 1777 2814; x_wconf 87' lang='lat' dir='ltr'><strong>cu-</strong></span> 
     </span>
     <span class='ocr_line' id='line_1_41' title="bbox 137 2839 1778 2894; baseline 0.001 -17"><span class='ocrx_word' id='word_1_252' title='bbox 137 2842 269 2877; x_wconf 84' lang='lat' dir='ltr'><strong>neatis</strong></span> <span class='ocrx_word' id='word_1_253' title='bbox 301 2841 536 2894; x_wconf 84' lang='lat' dir='ltr'><strong>plerumque</strong></span> <span class='ocrx_word' id='word_1_254' title='bbox 567 2839 725 2886; x_wconf 82' lang='lat' dir='ltr'><strong>trifidis,</strong></span> <span class='ocrx_word' id='word_1_255' title='bbox 758 2842 916 2880; x_wconf 79' lang='lat' dir='ltr'><strong>laciniis</strong></span> <span class='ocrx_word' id='word_1_256' title='bbox 949 2842 1510 2887; x_wconf 72' lang='lat' dir='ltr'><strong>lnnceolatismnvronnlatis,</strong></span> <span class='ocrx_word' id='word_1_257' title='bbox 1543 2841 1652 2880; x_wconf 85' lang='lat' dir='ltr'><strong>soliis</strong></span> <span class='ocrx_word' id='word_1_258' title='bbox 1671 2853 1778 2880; x_wconf 90' lang='lat' dir='ltr'><strong>sum-</strong></span> 
     </span>
     <span class='ocr_line' id='line_1_42' title="bbox 138 2907 1777 2961; baseline 0.002 -18"><span class='ocrx_word' id='word_1_259' title='bbox 138 2907 215 2944; x_wconf 84' lang='lat' dir='ltr'><strong>mis</strong></span> <span class='ocrx_word' id='word_1_260' title='bbox 246 2907 434 2948; x_wconf 81' lang='lat' dir='ltr'><strong>brevibus</strong></span> <span class='ocrx_word' id='word_1_261' title='bbox 464 2909 749 2961; x_wconf 74' lang='lat' dir='ltr'><strong>pinnulisectis</strong></span> <span class='ocrx_word' id='word_1_262' title='bbox 781 2909 843 2948; x_wconf 82' lang='lat' dir='ltr'><strong>vel</strong></span> <span class='ocrx_word' id='word_1_263' title='bbox 876 2908 925 2947; x_wconf 73' lang='lat' dir='ltr'><strong>ml</strong></span> <span class='ocrx_word' id='word_1_264' title='bbox 957 2910 1126 2958; x_wconf 56' lang='lat' dir='ltr'><strong>vaginas</strong></span> <span class='ocrx_word' id='word_1_265' title='bbox 1165 2909 1364 2957; x_wconf 67' lang='lat' dir='ltr'><strong>reductisg</strong></span> <span class='ocrx_word' id='word_1_266' title='bbox 1411 2908 1598 2948; x_wconf 87' lang='lat' dir='ltr'><strong>umbellis</strong></span> <span class='ocrx_word' id='word_1_267' title='bbox 1644 2907 1777 2947; x_wconf 84' lang='lat' dir='ltr'><strong>termi-</strong></span> 
     </span>
    </p>
   </div>
  </div>
 </body>
</html>
