1867 3215
1603 112 1686 155 111

164 232 208 271 1η
240 234 351 272 saxis
380 232 579 273 calcareis
609 244 735 286 prope
766 232 923 274 Chozas
959 233 1010 275 de
1041 235 1081 275 la
1110 228 1251 275 sieri-a¹
1277 233 1327 275 ad
1355 231 1514 275 radices
1543 236 1696 277 Sierrae

49 299 99 339 de
131 299 419 339 Guadarrama.
452 300 563 353 Sept.
596 312 628 341 o.
661 299 748 340 flor.
781 305 822 340 et
845 299 899 340 “fr.

160 369 253 407 729.
315 365 361 406 L.
403 368 540 406 minor
579 366 721 407 Desf.
766 391 815 398 --
858 367 1000 409 Benth.
1041 368 1066 408 l.
1108 383 1141 409 c.
1184 371 1277 412 287.
1316 391 1368 400 -
1397 370 1457 413 ΡΙ.
1488 383 1572 413 exs.
1605 371 1695 412 coll.

51 445 140 472 ven.
173 446 211 472 n.
242 435 322 474 573
352 446 388 473 a.

157 498 202 538 ln
233 499 458 552 Pyrenaeis
486 500 714 554 Aragoniae
746 500 785 538 in
817 500 1020 554 glareosis
1051 501 1214 542 vallium
1246 516 1377 557 usque
1407 504 1456 544 ad
1487 506 1627 555 4500‘,
1661 517 1694 544 v.

50 579 82 606 c.
116 566 221 605 inter
251 566 419 606 castillo
462 571 502 605 et
534 564 756 615 (lanfranc,
799 566 847 606 ad
889 568 1016 607 rivum
1048 567 1241 609 Calderas
1270 570 1378 611 inter
1409 571 1624 612 Panticosa
1656 576 1697 612 et

49 633 195 672 balnea
226 633 409 688 ejusdem
441 634 629 674 nominis.
661 633 786 674 Junio
819 648 850 674 c.
883 633 969 675 flor.
1002 639 1043 674 et
1074 634 1121 677 fr.
1583 627 1614 638 *⁴

711 722 1014 764 Anarrlaeinum.
1045 771 1050 776 ,

160 792 255 832 730.
315 789 365 831 A.
398 789 689 840 bellidifolium
719 790 864 830 Desf.
904 791 1047 831 Bentli.
1080 791 1105 830 l.
1139 804 1171 831 c.
1205 794 1298 834 289.

161 857 206 897 ln
246 858 411 897 ericetis
450 859 555 897 inter
591 855 768 896 Calzada
806 857 857 897 de
897 857 1081 911 Oropesa
1120 862 1161 898 et
1199 858 1444 900 Navamoral
1485 865 1608 914 atque
1645 862 1696 903 ad

48 937 147 964 saxa
176 925 376 979 granitica
405 926 445 964 in
477 924 583 964 valle
623 923 733 963 ssuvii
766 924 882 965 Jerte
914 938 1041 979 prope
1071 925 1288 966 Plasencia
1318 928 1358 966 in
1388 926 1696 980 Extremffllura,

47 991 185 1031 Octob.
213 993 297 1046 jam
330 1004 496 1044 prorsus
526 991 673 1030 exsicc.

717 1069 1024 1110 Antirrhinum.

157 1139 251 1178 731.
312 1135 363 1176 A.
388 1134 526 1184 majus
542 1135 583 1176 L.
617 1149 699 1176 var.
732 1136 1205 1189 anquscifolium.—Pl.
1237 1152 1323 1178 exs.
1356 1139 1447 1179 coll.
1470 1153 1559 1181 ven.
1578 1144 1697 1184 n.71.

158 1204 203 1242 ln
236 1205 362 1243 muris
393 1205 500 1242 circa
531 1203 699 1252 Bilbao,
740 1203 917 1252 Tolosa,
954 1203 1255 1244 Fuenterrabia
1281 1210 1322 1245 et
1352 1206 1449 1245 alibi
1480 1208 1520 1246 in
1552 1207 1699 1248 Canta-

48 1270 132 1310 bria
165 1270 537 1318 (abundantissime
569 1271 609 1309 in
640 1271 768 1309 ruinis
800 1270 980 1324 oppiduli
1013 1271 1219 1319 Ornieta),
1260 1273 1392 1312 rarius
1433 1274 1472 1312 in
1504 1274 1698 1315 Navarra.

48 1335 179 1390 MaJ'o,
220 1337 345 1377 Junio
388 1352 419 1377 c.
465 1335 552 1376 flor.
621 1337 674 1377 Ad
716 1338 894 1387 parietes
933 1338 1093 1377 castelli
1125 1340 1281 1392 antiqui
1313 1341 1352 1378 in
1386 1340 1532 1394 oppido
1566 1341 1702 1396 Bejar,

48 1403 180 1443 medio
215 1403 388 1444 Octobre
419 1403 548 1443 adhuc
578 1403 742 1442 florens.
777 1404 957 1443 Occurrit
989 1417 1059 1457 per
1090 1408 1215 1444 totam
1246 1406 1499 1459 Hispaniam.

156 1473 252 1512 732.
309 1470 359 1509 A.
392 1463 654 1519 hispanicmm
685 1469 832 1511 Chav.
863 1469 1008 1510 Benth.
1041 1471 1066 1510 l.
1100 1485 1133 1512 c.
1166 1486 1204 1525 p.
1237 1475 1331 1514 291.

157 1537 215 1577 Ad
244 1551 382 1577 muros
413 1537 550 1591 oppidi
581 1537 799 1577 Plasencia
831 1538 872 1576 in
903 1536 1209 1578 Extremadura.
1253 1539 1391 1579 Octob.
1425 1554 1458 1580 c.
1491 1540 1575 1580 flor.
1610 1541 1655 1583 sr.

152 1617 247 1657 733.
308 1615 355 1655 A.
387 1617 506 1654 molle
539 1615 583 1655 L.
614 1614 758 1654 Benth.
792 1614 818 1654 l.
851 1628 883 1654 c.
917 1629 954 1668 p.
989 1619 1082 1657 292.
1116 1637 1167 1643 —-
1198 1617 1256 1657 Pl.
1289 1631 1374 1657 cxs.
1408 1619 1499 1659 coll.
1533 1633 1621 1660 ven.
1654 1634 1694 1661 n.

41 1684 134 1723 353.

38 1740 43 1754 ἦ
155 1748 200 1788 In
231 1749 456 1802 Pyrenaeis
488 1750 718 1803 Aragoniae
757 1751 798 1789 in
837 1748 999 1790 fissuris
1040 1751 1198 1802 rupium
1241 1752 1530 1804 graniticarum
1570 1766 1696 1807 supra

46 1816 193 1855 balnea
224 1816 441 1856 Panticosa
471 1815 520 1856 ad
551 1816 620 1857 alt.
654 1819 780 1857 5500‘
809 1817 1040 1856 rarissime!
1074 1816 1198 1857 Junio
1230 1830 1263 1857 c.
1296 1817 1383 1857 flor.

705 1905 1020 1956 Scrophularia.

156 1975 249 2014 734.
311 1972 378 2012 sc.
419 1972 692 2022 crithmif'olia
731 1974 901 2014 Boiss.
947 1987 1037 2028 voy.
1079 1973 1175 2028 Esp.
1220 1988 1256 2028 p.
1291 1976 1383 2016 447.
1442 1974 1589 2016 Forma
1619 1977 1696 2029 pri-

44 2041 192 2081 maria!
1094 2044 1097 2045 ⁷

159 2106 204 2146 In
236 2107 461 2160 Pyrenaeis
492 2108 723 2162 Aragoniae
754 2108 794 2147 in
825 2108 1029 2162 glareosis
1060 2107 1258 2147 calcareis
1288 2108 1328 2147 in
1362 2108 1468 2148 valle
1498 2110 1574 2149 rivi
1605 2109 1698 2151 Gal-

46 2173 164 2214 deras
195 2175 300 2213 inter
329 2187 476 2228 pagum
500 2175 720 2214 Panticosa
752 2179 792 2214 et
823 2175 969 2215 balnea
999 2174 1182 2229 ejusdem
1213 2176 1391 2215 nominis
1421 2175 1471 2215 ad
1499 2176 1568 2216 alt.
1600 2178 1692 2219 circ.

44 2242 170 2283 3500¹
199 2241 432 2281 rarissime!
464 2241 589 2282 Junio
621 2255 653 2283 c.
684 2241 770 2283 flor.
1615 2255 1617 2257 ’

151 2307 244 2347 obs.
306 2308 521 2362 Specimen
564 2309 724 2348 unicum
771 2322 795 2348 a
826 2321 889 2348 me
919 2311 1124 2362 repertum
1156 2321 1246 2348 cum
1277 2307 1570 2362 speciminibus
1600 2310 1694 2351 bae-

44 2374 135 2413 ticis
166 2378 206 2414 et
236 2373 512 2428 descriptione
543 2375 591 2414 cl.
612 2375 886 2415 Boissieri
919 2375 1082 2414 omnino
1114 2376 1312 2430 congruit.
1372 2375 1463 2416 Jam
1491 2389 1516 2416 a
1541 2376 1589 2417 cl‘.
1612 2377 1693 2418 Ca·

46 2441 331 2480 vanillesio
363 2442 403 2480 in
434 2442 798 2498 regnovvalentino
827 2442 935 2481 lecta
964 2445 1040 2480 est.
1086 2441 1119 2481 A
1144 2440 1213 2481 Sc.
1232 2443 1399 2491 canina,
1431 2443 1494 2482 cui
1525 2441 1692 2485 affinem

48 2506 150 2547 banc
180 2508 361 2561 speciem
393 2521 489 2548 esse
519 2508 568 2547 cl.
600 2507 856 2548 Bentham
887 2507 1044 2554 (Prodr.
1074 2507 1123 2548 X.
1155 2522 1191 2562 p.
1224 2510 1336 2555 303.)
1367 2509 1578 2563 opinatur,
1604 2512 1690 2565 jam

49 2573 187 2613 habitu
225 2574 388 2614 omnino
426 2574 625 2615 abhorret.
686 2575 823 2629 Magis
866 2573 916 2615 ad
948 2572 1041 2614 Ser.
1071 2576 1253 2615 lucidam
1282 2574 1327 2618 L.
1367 2575 1563 2616 accedere
1595 2577 1693 2617 mihi

46 2639 216 2680 videtur.

156 2709 252 2747 '7351
313 2706 381 2748 sc.
412 2709 605 2758 aquatica
635 2707 680 2749 L.
716 2707 842 2748 Koch.
875 2708 975 2761 Syn.
1006 2707 1059 2750 11.
1094 2733 1145 2742 --
1175 2708 1235 2749 ΡΙ.
1268 2720 1353 2748 exs.
1385 2708 1475 2749 coll.
1508 2694 1693 2752 vensse'·

45 2773 137 2813 lect.
170 2785 207 2812 n.
244 2775 308 2814 51.

155 2838 202 2878 ln
231 2839 487 2893 rupestribus
518 2839 692 2881 humidis
719 2839 769 2880 ad
799 2841 928 2882 rivum
959 2840 1170 2896 quemdam
1201 2855 1327 2897 prope
1357 2841 1693 2884 Prados-Redow

45 2904 119 2945 dos
150 2904 255 2947 haud
285 2906 425 2960 procul
456 2919 481 2947 a
510 2907 666 2948 Melina
695 2907 745 2949 de
774 2908 950 2964 Aragon.
991 2908 1102 2951 Julio
1133 2913 1308 2951 exeunte
1337 2922 1370 2952 c.
1400 2907 1487 2950 flor.
1519 2913 1561 2951 et
1588 2908 1636 2951 fr.
