1867 3215
1655 54 1721 100 49

79 170 118 210 fl.
151 173 192 209 et
221 169 269 211 fr.
297 171 491 226 juvenil.;
533 171 582 210 ad
621 184 744 225 sepes
784 173 889 211 inter
919 172 1059 212 Banos
1089 175 1130 213 et
1160 172 1283 227 Bejar
1312 173 1353 212 in
1385 173 1590 214 montibus
1619 176 1725 217 inter

80 236 412 279 Extremaduram
443 251 694 293 regnumque
725 238 1024 292 Legionensem
1058 241 1163 288 sitis,
1195 239 1333 283 Octob.
1364 254 1397 281 c.
1428 240 1546 283 fruct.
1579 247 1675 284 mat.

76 311 79 314 “
772 305 1028 350 ΑίεΙιεπιίἰία.

195 375 287 413 332.
347 372 397 412 A.
430 375 574 422 alpina
605 371 649 412 L.
681 374 739 414 Pl.
773 389 858 414 exs.
891 376 980 417 coll.
1014 389 1102 418 ven.
1132 389 1171 417 n.
1205 378 1296 417 147.

194 440 239 479 In
282 440 487 479 montibus
518 439 757 480 editioribus
787 441 1019 481 Cantabriae
1051 447 1090 481 et
1122 444 1360 496 Aragoniae:
1397 443 1511 484 Pena
1541 445 1732 500 Gorveya

83 507 176 565 inde
216 520 238 546 a
278 506 481 546 radicibus
513 507 819 558 copiosissime,
862 509 974 547 Pena
1016 508 1066 549 de
1098 509 1217 549 Oro'e'l
1248 512 1289 549 in
1318 513 1574 565 rupestribus
1605 515 1734 568 partis

81 577 330 628 superioris,
371 577 477 614 circa
509 575 654 613 balnea
689 575 908 614 Panticosa
939 577 978 614 in
1010 575 1246 629 Pyrenaeis,
1288 579 1329 617 in
1367 579 1570 632 glareosis
1601 583 1730 635 partis

82 643 307 695 superioris
337 644 486 690 montis
517 641 734 695 MoncayO,
767 642 814 681 ad
847 643 915 683 alt.
948 645 1170 686 3—5000‘.
1201 643 1472 699 Majo—Jul.
1505 661 1538 688 c.
1568 647 1608 687 ss.

192 711 287 749 333,
346 707 395 749 A.
426 711 613 762 vulyaris
643 709 687 748 L.
721 710 778 749 Pl.
813 723 895 749 exs.
929 710 1015 749 coll.
1049 724 1140 753 ven.
1172 725 1211 750 n,
1245 715 1335 752 165.

193 775 237 815 ln
270 776 487 830 pinguibus
517 778 667 815 montis
698 777 809 816 Pena
842 778 1032 830 Gorveya
1063 778 1112 817 ad
1143 778 1210 818 alt.
1243 780 1370 820 4000‘
1395 782 1565 835 passim,
1597 783 1637 823 in
1655 784 1730 838 Py-

80 857 164 883 ren.
199 844 318 897 Arag.
352 856 409 897 pr.
443 843 588 883 balnea
616 844 849 884 Panticosa.
880 844 1004 899 Majo,
1036 844 1122 885 Jul.
1153 858 1184 885 c.
1216 844 1254 884 ss.

194 909 288 949 Oba.
321 912 493 964 Species
523 911 563 949 in
595 912 794 964 Hispania
826 912 950 951 multo
981 913 1110 951 rarior
1141 925 1259 966 quam
1290 913 1553 955 antecedens.

195 981 287 1018 334.
350 977 398 1017 A.
430 981 624 1017 arcensis
653 980 797 1033 Scop.
847 978 1059 1033 (Aphanes
1090 981 1276 1020 arvensis
1307 979 1372 1028 L.)
1431 981 1487 1024 Pl.
1522 996 1606 1023 exS.
1639 985 1732 1025 coll.

83 1058 173 1087 ven.
205 1059 242 1084 n.
277 1047 366 1085 164.

197 1111 241 1151 ln
274 1114 440 1165 pascuis
471 1114 660 1153 arenosis
690 1113 739 1153 ad
770 1113 929 1154 radices
960 1114 1182 1154 orientales
1215 1117 1364 1156 montis
1386 1116 1499 1157 Pena
1530 1118 1732 1172 Gorveya.

83 1178 194 1235 Majo
225 1193 257 1220 c.
289 1179 326 1219 fl.

762 1247 1070 1292 Pomaceae.

792 1316 1011 1367 Mespicus.

199 1384 292 1423 335.
354 1380 412 1420 M.
439 1384 681 1434 qermanica
708 1382 749 1422 L.
798 1383 855 1422 ΡΙ.
890 1397 973 1425 exs.
1006 1384 1098 1423 coll.
1130 1397 1221 1424 ven.
1254 1398 1292 1424 n.
1322 1389 1389 1428 42.

199 1448 243 1488 In
275 1449 444 1503 sepibus
475 1463 600 1503 prope
632 1450 742 1490 Yrun
775 1455 815 1489 et
845 1451 941 1489 alibi
973 1452 1013 1490 in
1045 1450 1264 1492 Cantabria
1294 1465 1398 1495 raro.
1429 1451 1539 1508 Majo
1571 1466 1604 1494 c.
1636 1453 1678 1498 fl.

352 1569 357 1571 ‚
791 1517 1033 1572 Crataequs,

199 1586 292 1624 336.
354 1583 396 1624 0.
431 1583 710 1636 Oxyacantha
739 1584 781 1624 L.

196 1649 242 1689 In
274 1652 443 1705 sepibus
473 1652 730 1705 dumetisque
762 1652 1009 1704 Cantabriae,
1041 1653 1249 1705 Navarrae,
1280 1655 1514 1709 Aragoniae‚
1545 1655 1738 1698 Castellae

88 1716 206 1757 no'vae
237 1719 403 1771 passim.
436 1718 546 1774 Majo
579 1733 611 1759 c.
644 1719 684 1758 fl.

198 1788 289 1826 337.
351 1785 394 1825 0.
426 1798 658 1840 monoqyna
689 1787 837 1840 chu.

199 1851 297 1891 Cum
330 1854 590 1906 praecedente
622 1854 767 1893 iisdem
798 1856 840 1894 in
869 1854 1120 1909 regionibus.

196 1923 288 1961 338.
349 1920 392 1960 0.
425 1925 661 1972 brevispz’na
692 1920 798 1961 Kze
829 1923 868 1961 in
899 1921 1022 1961 Flora
1055 1924 1185 1972 1847,
1217 1936 1254 1976 p
1287 1925 1381 1966 737.
1438 1924 1498 1968 Pl.
1530 1937 1616 1966 exs.
1646 1925 1738 1967 coll.

85 1998 175 2028 ven
208 2001 246 2028 n
280 1991 373 2029 520.

199 2054 256 2094 Ad
296 2058 507 2096 vinearum
548 2058 755 2112 margines
796 2069 923 2110 prope
961 2055 1095 2110 oppid.
1129 2055 1254 2096 Chiva
1295 2057 1335 2096 in
1372 2070 1500 2114 regno
1532 2059 1740 2138 valentino

86 2125 253 2182 passim.
287 2124 388 2178 Aug.
421 2138 451 2163 c.
486 2124 602 2164 fruct.
636 2127 727 2165 mat

200 2189 293 2230 obs.
327 2191 478 2243 Drupae
509 2193 548 2230 in
582 2193 729 2230 itinere
760 2191 909 2244 priore
943 2203 1021 2242 quo
1052 2188 1155 2229 hanc
1182 2193 1361 2244 speciem
1394 2185 1599 2232 foliorum
1613 2191 1744 2232 forma
1790 2213 1800 2217 -

89 2259 368 2312 pei-insignem
401 2271 543 2297 mense
569 2258 716 2298 Martio
749 2259 843 2297 anni
869 2260 974 2298 1845
1005 2271 1132 2311 prope
1160 2258 1370 2312 Algeciras
1400 2258 1614 2298 florentem
1645 2259 1742 2314 legi,

88 2337 112 2364 a
144 2339 208 2364 me
241 2339 321 2365 non
353 2325 582 2364 observatae
614 2325 813 2379 globosae,
847 2325 1065 2373 3—3¹)2¹‘¹
1097 2324 1246 2379 longae,
1279 2327 1498 2373 coccineae,
1532 2326 1572 2365 in
1604 2338 1745 2378 cymas

89 2392 234 2431 breves
265 2392 415 2431 densas
447 2395 654 2446 congestae
688 2397 729 2431 et
760 2392 947 2431 fruticem
976 2390 1089 2431 foliis
1120 2394 1351 2432 numerosis
1381 2393 1580 2432 coriaceis
1601 2391 1744 2432 nitidis

89 2458 303 2511 praeditum
336 2458 607 2512 pulcherrime
640 2463 848 2499 ornantes.

291 2566 295 2567 ⁷
828 2525 1004 2565 Sorbus.

201 2595 293 2633 339.
356 2591 401 2632 S.
435 2591 540 2632 Aria
572 2592 778 2633 Crantz.
810 2593 867 2634 Pl.
900 2606 985 2635 exS.
1017 2593 1107 2632 coll.
1141 2606 1231 2633 ven.
1268 2607 1304 2636 n.
1341 2596 1434 2635 146.

201 2658 260 2697 Ad
290 2672 413 2712 rupes
442 2659 650 2699 calcareas
680 2661 829 2699 montis
860 2660 972 2700 Pena
1003 2660 1213 2713 Gorveya,
1257 2660 1367 2716 Majo
1401 2662 1484 2715 jam
1518 2659 1603 2700 fere
1632 2660 1743 2710 defi..

91 2724 131 2762 in
161 2723 274 2763 Pena
304 2724 353 2764 de
386 2726 506 2766 Oroel
536 2727 792 2779 vallibusque
824 2727 1052 2780 Pyrenaeor.
1089 2727 1205 2767 infer.
1239 2741 1368 2782 usque
1398 2729 1538 2769 450⁰st

764 2794 1066 2835 Amelanchier.

201 2861 295 2899 340.
356 2857 408 2902 A.
440 2861 628 2913 vulyaris
657 2860 844 2902 Miinch.
878 2862 936 2902 ΡΙ.
968 2874 1053 2902 exo.
1087 2861 1178 2903 coll.
1212 2875 1301 2902 ven.
1334 2874 1373 2900 n.
1405 2863 1501 2903 287.

1509 2938 1529 2971 7
