1867 3215
186 201 305 241 1162.
373 196 728 252 Acanthophyllus
756 199 943 241 Heredia
971 200 1053 243 Kz.
1070 201 1092 241 §³

182 265 241 310 Ad
270 267 408 307 littora
438 266 666 307 cantabrica
695 281 821 323 prope
851 268 1148 310 Fuenterrabia
1179 282 1204 310 a
1233 270 1335 311 mari
1364 271 1551 326 eiectum.

757 345 881 385 Fun
893 349 964 400 qi.
982 347 1021 399 *)

817 412 961 454 Uredo.

185 484 301 524 1163.
370 481 415 521 U.
450 478 777 529 (Coleosporium
808 477 926 526 Lev.)
963 479 1167 521 Jasoniae
1197 482 1329 524 Awd.
1360 497 1398 523 n.
1438 496 1500 536 sp.
1531 481 1721 537 Sporidia

72 561 153 588 non
184 548 443 603 pedicessatag
475 547 664 600 oblonga,
696 547 975 600 irregulariter
1005 549 1212 603 angulata,
1243 550 1375 600 lutea3
1406 551 1613 605 episporio
1630 562 1718 589 ver-

68 628 228 656 rucoso.

177 683 341 723 Format
371 681 552 722 maculas
581 678 774 719 rotundas
805 692 952 719 aureas
987 682 1095 730 ¹l4“‘
1127 683 1241 728 ¹latas
1279 684 1319 723 in
1360 683 1470 724 foliis
1508 681 1714 724 Jasoniae

66 752 292 791 tuberosae.
354 749 569 795 [Serrania
605 746 654 786 de
686 745 860 786 Caenea.
922 748 1047 802 Aug.)
1148 750 1162 755 '

178 822 296 860 1164.
362 816 405 857 U.
447 815 640 863 (Caeoma
669 813 766 860 Lk.)
797 814 1173 868 Lequminosarum
1203 815 1361 856 Rabh.

179 884 224 924 In
258 885 368 924 foliis
407 883 548 922 Viciae
576 883 821 933 bicltynicae.
853 882 1001 928 (Vallis
1031 883 1124 923 fluv.
1157 883 1372 924 Bidassoa.
1403 882 1566 932 Junio.)

176 953 269 992 Var.
302 951 447 1003 Sporis
476 948 659 989 rotundis
690 961 770 987 non
802 948 1073 1002 pedicellatis.

174 1018 233 1059 Ad
263 1018 360 1058 folia
390 1016 566 1068 Lathyri
594 1017 813 1066 palustris.
847 1015 1056 1063 (Navarra.
1088 1016 1248 1063 Junio.)

175 1087 294 1127 1165.
358 1084 403 1124 U.
437 1083 698 1136 (Podocystis
728 1080 846 1131 Lev.)
876 1081 978 1121 Lim·
1006 1083 1090 1124 DC.

179 1152 236 1193 Ad
268 1151 367 1192 folia
396 1150 496 1190 Liui
524 1153 809 1189 narbonensis.
842 1149 1042 1199 (Liedena
1072 1150 1112 1191 in
1143 1153 1336 1194 Navarra.
1368 1152 1531 1199 Junio.)

177 1222 294 1262 1166.
361 1218 407 1259 U.
439 1218 733 1258 Rhododendri
763 1217 854 1256 Dc.

178 1287 235 1327 Ad
267 1288 457 1342 paginam
490 1285 725 1326 inferiorem
758 1284 945 1325 foliorum
978 1282 1112 1325 Rhod.
1144 1283 1376 1341 ferruyinei
1413 1288 1454 1327 in
1486 1286 1712 1341 Pyrenaeis

63 1356 242 1409 copiose.

174 1425 292 1464 1167.
358 1420 402 1460 U.
435 1420 598 1473 (Epitea
627 1418 739 1467 Le'v.)
770 1418 989 1460 Ruborum
1019 1421 1110 1461 Dc.

169 1489 230 1530 Ad
260 1489 450 1543 paginam
481 1485 716 1526 inferiorem
748 1486 935 1528 foliorum
966 1487 1077 1526 Ram
1109 1488 1343 1538 thyrsoidei.
1379 1487 1521 1532 (Yrun.
1548 1487 1707 1536 Junio.)

172 1558 291 1598 1168.
356 1554 400 1594 U.
431 1556 649 1593 scutellam
680 1553 732 1593 P.
765 1574 819 1580 —-
846 1555 909 1595 Pl.
942 1568 1026 1597 exs.
1059 1555 1148 1595 coll.
1182 1568 1272 1595 ven.
1303 1568 1342 1594 n.
1375 1557 1467 1596 587.

170 1623 227 1664 Ad
257 1624 449 1678 paginam
479 1620 712 1661 inferiorem
742 1621 928 1662 foliorum
949 1622 1219 1672 Euphorhiae
1243 1625 1477 1662 nicaeensis
1503 1621 1705 1666 hincinde

60 1692 238 1745 copiose.
298 1689 426 1737 (Inter
457 1688 589 1728 Chora
619 1692 659 1727 et
689 1689 843 1728 Setiles
874 1691 913 1728 in
947 1689 1125 1729 Castella
1156 1703 1272 1729 nova.
1306 1691 1427 1745 Aug.)

172 1760 291 1799 1169.
357 1755 402 1796 U.
435 1755 782 1808 (Coleosporium)
815 1754 1060 1795 Senecionis
1089 1755 1280 1796 Schldl.

170 1824 230 1865 Ad
258 1823 358 1864 folia
387 1822 631 1864 Senecionis
656 1824 813 1875 gyallicz'.
871 1823 1093 1876 (Aragonia
1122 1822 1305 1864 inferior.
1335 1823 1481 1876 Julio.)

765 1889 994 1929 Aecidium.
1564 1920 1568 1921 ν

170 1961 288 2000 1170.
348 1957 421 1997 Ae.
453 1955 701 1996 Schoberz‘ae
731 1957 862 1997 Awd.
896 1972 934 1997 n.
967 1972 1028 2012 sp.
1059 1958 1420 2014 Pseudoperidium
1457 1958 1703 2010 tubulosum‚

58 2039 290 2082 emergens,
325 2026 430 2074 ’ΜΗ
459 2025 638 2080 longum,
675 2037 744 2064 ore
773 2024 1117 2066 radiato-dentato
1150 2026 1380 2077 dehiscens,
1416 2026 1607 2067 dentibus
1636 2025 1704 2067 ob-

59 2095 188 2143 tusis3
220 2092 455 2133 membrana
484 2093 704 2131 tenerrima
735 2106 758 2131 e
788 2093 947 2133 cellulis
964 2094 1243 2149 irregulariter
1259 2093 1484 2149 hexagonis
1501 2098 1703 2138 contexta.

168 2159 227 2201 Ad
257 2159 355 2199 folia
384 2158 638 2200 Schoberiae
666 2158 910 2207 fruticosae.
959 2159 1092 2208 [Inter
1120 2161 1278 2215 Alagon
1309 2167 1349 2201 et
1378 2161 1501 2216 Borja
1537 2163 1578 2202 in
1606 2162 1703 2203 Ara-

54 2230 178 2285 gonia
206 2226 415 2268 inferiore.
447 2226 592 2272 Julio.)

759 2292 979 2334 Paccinia.

169 2365 286 2404 1171.
348 2359 399 2403 P.
431 2359 759 2410 Composicarum
790 2360 958 2401 Corda
988 2361 1041 2404 Ic.
1071 2361 1140 2404 lv.
1173 2363 1253 2406 tab.
1286 2361 1351 2404 lv.
1384 2362 1410 2403 f.
1441 2365 1507 2407 45.

166 2429 226 2470 Ad
253 2429 351 2469 folia
380 2427 514 2468 Cirsii
542 2431 874 2476 monspessulani
904 2430 1083 2470 maculas
1112 2429 1307 2471 rotundas
1336 2431 1476 2486 nigras
1504 2429 1697 2472 formans.

55 2498 270 2549 (Serrania
300 2495 349 2536 de
382 2496 555 2536 Cuenca.
587 2496 708 2549 Aug.)

168 2563 261 2603 Obs.
341 2563 490 2616 Stipite
539 2562 724 2616 longiore
774 2575 890 2615 quam
945 2563 1166 2617 sporidium
1218 2578 1242 2606 a
1270 2564 1321 2606 P.
1348 2563 1700 2620 Synqenesiarwm

57 2630 224 2673 Corda
254 2642 379 2685 aegre
409 2627 565 2668 diflert!
599 2629 731 2669 Awd.

171 2699 290 2738 1172.
350 2695 399 2736 P.
436 2694 790 2749 synyenesiarum
820 2697 985 2740 Corda
1014 2699 1039 2742 l.
1071 2713 1104 2741 c.
1136 2697 1162 2740 f.
1195 2702 1260 2742 53.
1301 2723 1354 2731 —-
1392 2699 1454 2742 ΡΙ.
1490 2713 1576 2742 exs.
1604 2701 1698 2742 coll.

54 2778 146 2807 ven.
176 2777 214 2804 n.
247 2766 340 2806 592.

105 2906 142 2950 *J
169 2907 318 2954 Fungos
342 2915 464 2944 omnes
489 2904 733 2942 determinavit
760 2906 803 2943 cl.
829 2908 974 2943 Aucrs
985 2908 1114 2946 wald.

1425 2974 1467 3007 22
