<?xml version="1.0" encoding="UTF-8"?>
<!DOCTYPE html PUBLIC "-//W3C//DTD XHTML 1.0 Transitional//EN"
    "http://www.w3.org/TR/xhtml1/DTD/xhtml1-transitional.dtd">
<html xmlns="http://www.w3.org/1999/xhtml" xml:lang="en" lang="en">
 <head>
  <title>
</title>
<meta http-equiv="Content-Type" content="text/html;charset=utf-8" />
  <meta name='ocr-system' content='tesseract 3.04.00' />
  <meta name='ocr-capabilities' content='ocr_page ocr_carea ocr_par ocr_line ocrx_word'/>
</head>
<body>
  <div class='ocr_page' id='page_1' title='image "./sertumfloraehisp00will_0054.png"; bbox 0 0 1867 3215; ppageno 0'>
   <div class='ocr_carea' id='block_1_1' title="bbox 184 118 250 162">
    <p class='ocr_par' dir='ltr' id='par_1_1' title="bbox 184 118 250 162">
     <span class='ocr_line' id='line_1_1' title="bbox 184 118 250 162; baseline 0.015 -1"><span class='ocrx_word' id='word_1_1' title='bbox 184 118 250 162; x_wconf 78' lang='lat'><strong>46</strong></span> 
     </span>
    </p>
   </div>
   <div class='ocr_carea' id='block_1_2' title="bbox 184 239 1830 499">
    <p class='ocr_par' dir='ltr' id='par_1_2' title="bbox 184 239 1825 365">
     <span class='ocr_line' id='line_1_2' title="bbox 186 239 1825 299; baseline -0.001 -15"><span class='ocrx_word' id='word_1_2' title='bbox 186 248 229 284; x_wconf 81' lang='lat' dir='ltr'><strong>ut</strong></span> <span class='ocrx_word' id='word_1_3' title='bbox 258 246 298 284; x_wconf 88' lang='lat' dir='ltr'><strong>in</strong></span> <span class='ocrx_word' id='word_1_4' title='bbox 331 257 412 286; x_wconf 76' lang='lat' dir='ltr'><strong>var.</strong></span> <span class='ocrx_word' id='word_1_5' title='bbox 442 239 485 290; x_wconf 76' lang='grc' dir='ltr'><strong>β.</strong></span> <span class='ocrx_word' id='word_1_6' title='bbox 516 241 800 289; x_wconf 76' lang='lat' dir='ltr'><strong>linem-isolius</strong></span> <span class='ocrx_word' id='word_1_7' title='bbox 830 242 893 282; x_wconf 89' lang='lat' dir='ltr'><strong>Se</strong></span> <span class='ocrx_word' id='word_1_8' title='bbox 909 253 958 291; x_wconf 80' lang='lat' dir='ltr'><strong>v.‚</strong></span> <span class='ocrx_word' id='word_1_9' title='bbox 985 243 1149 297; x_wconf 69' lang='lat' dir='ltr'><strong>stipulas</strong></span> <span class='ocrx_word' id='word_1_10' title='bbox 1179 255 1340 299; x_wconf 78' lang='lat' dir='ltr'><strong>magnes</strong></span> <span class='ocrx_word' id='word_1_11' title='bbox 1371 242 1525 283; x_wconf 80' lang='lat' dir='ltr'><strong>foliolis</strong></span> <span class='ocrx_word' id='word_1_12' title='bbox 1555 241 1733 284; x_wconf 75' lang='lat' dir='ltr'><strong>latiores.</strong></span> <span class='ocrx_word' id='word_1_13' title='bbox 1766 242 1825 283; x_wconf 78' lang='lat' dir='ltr'><strong>Au</strong></span> 
     </span>
     <span class='ocr_line' id='line_1_3' title="bbox 184 309 685 365; baseline -0.004 -16"><span class='ocrx_word' id='word_1_14' title='bbox 184 312 347 365; x_wconf 84' lang='lat' dir='ltr'><strong>species</strong></span> <span class='ocrx_word' id='word_1_15' title='bbox 377 309 601 350; x_wconf 77' lang='lat' dir='ltr'><strong>distincta?</strong></span> <span class='ocrx_word' id='word_1_16' title='bbox 633 331 685 339; x_wconf 91' lang='lat'><strong>-—</strong></span> 
     </span>
    </p>

    <p class='ocr_par' dir='ltr' id='par_1_3' title="bbox 191 374 1830 499">
     <span class='ocr_line' id='line_1_4' title="bbox 298 374 1830 432; baseline 0 -16"><span class='ocrx_word' id='word_1_17' title='bbox 298 377 343 416; x_wconf 89' lang='lat' dir='ltr'><strong>ln</strong></span> <span class='ocrx_word' id='word_1_18' title='bbox 383 378 511 429; x_wconf 78' lang='lat' dir='ltr'><strong>pratis</strong></span> <span class='ocrx_word' id='word_1_19' title='bbox 553 375 728 416; x_wconf 84' lang='lat' dir='ltr'>humidis</span> <span class='ocrx_word' id='word_1_20' title='bbox 765 374 815 415; x_wconf 80' lang='lat' dir='ltr'><strong>ad</strong></span> <span class='ocrx_word' id='word_1_21' title='bbox 847 388 1054 417; x_wconf 88' lang='lat' dir='ltr'><strong>nemorum</strong></span> <span class='ocrx_word' id='word_1_22' title='bbox 1084 377 1292 432; x_wconf 79' lang='lat' dir='ltr'>margines</span> <span class='ocrx_word' id='word_1_23' title='bbox 1321 389 1447 432; x_wconf 82' lang='lat' dir='ltr'><strong>prope</strong></span> <span class='ocrx_word' id='word_1_24' title='bbox 1479 376 1759 417; x_wconf 82' lang='lat' dir='ltr'><strong>Somorrostro</strong></span> <span class='ocrx_word' id='word_1_25' title='bbox 1788 379 1830 416; x_wconf 77' lang='lat' dir='ltr'><strong>et</strong></span> 
     </span>
     <span class='ocr_line' id='line_1_5' title="bbox 191 441 1784 499; baseline 0.002 -18"><span class='ocrx_word' id='word_1_26' title='bbox 191 457 251 498; x_wconf 89' lang='lat' dir='ltr'><strong>pr.</strong></span> <span class='ocrx_word' id='word_1_27' title='bbox 283 443 427 482; x_wconf 81' lang='lat' dir='ltr'><strong>Bilbao</strong></span> <span class='ocrx_word' id='word_1_28' title='bbox 458 444 547 483; x_wconf 82' lang='lat' dir='ltr'><strong>loco</strong></span> <span class='ocrx_word' id='word_1_29' title='bbox 577 443 708 483; x_wconf 81' lang='lat' dir='ltr'><strong>Paseo</strong></span> <span class='ocrx_word' id='word_1_30' title='bbox 740 441 791 483; x_wconf 79' lang='lat' dir='ltr'><strong>de</strong></span> <span class='ocrx_word' id='word_1_31' title='bbox 820 442 882 482; x_wconf 75' lang='lat' dir='ltr'><strong>las</strong></span> <span class='ocrx_word' id='word_1_32' title='bbox 912 443 1059 492; x_wconf 79' lang='lat' dir='ltr'><strong>Canas,</strong></span> <span class='ocrx_word' id='word_1_33' title='bbox 1091 456 1194 484; x_wconf 82' lang='lat' dir='ltr'><strong>raro.</strong></span> <span class='ocrx_word' id='word_1_34' title='bbox 1227 444 1335 499; x_wconf 78' lang='lat' dir='ltr'><strong>Majo</strong></span> <span class='ocrx_word' id='word_1_35' title='bbox 1364 458 1397 484; x_wconf 86' lang='lat' dir='ltr'><strong>e.</strong></span> <span class='ocrx_word' id='word_1_36' title='bbox 1430 443 1469 483; x_wconf 89' lang='lat' dir='ltr'><strong>fl.</strong></span> <span class='ocrx_word' id='word_1_37' title='bbox 1500 447 1540 483; x_wconf 83' lang='lat' dir='ltr'><strong>et</strong></span> <span class='ocrx_word' id='word_1_38' title='bbox 1569 444 1616 484; x_wconf 72' lang='lat' dir='ltr'><strong>fr.</strong></span> <span class='ocrx_word' id='word_1_39' title='bbox 1643 445 1784 498; x_wconf 81' lang='lat' dir='ltr'><strong>juven.</strong></span> 
     </span>
    </p>
   </div>
   <div class='ocr_carea' id='block_1_3' title="bbox 181 509 1831 2963">
    <p class='ocr_par' dir='ltr' id='par_1_4' title="bbox 181 509 1831 2963">
     <span class='ocr_line' id='line_1_6' title="bbox 298 509 1831 564; baseline 0 -14"><span class='ocrx_word' id='word_1_40' title='bbox 298 513 391 550; x_wconf 88' lang='grc'><strong>300.</strong></span> <span class='ocrx_word' id='word_1_41' title='bbox 455 509 1060 551; x_wconf 74' lang='lat' dir='ltr'><strong>L.macr·01r1n·zuswimm.</strong></span> <span class='ocrx_word' id='word_1_42' title='bbox 1094 511 1217 551; x_wconf 84' lang='lat' dir='ltr'><strong>Gren.</strong></span> <span class='ocrx_word' id='word_1_43' title='bbox 1251 511 1372 551; x_wconf 83' lang='lat' dir='ltr'><strong>Godr.</strong></span> <span class='ocrx_word' id='word_1_44' title='bbox 1406 511 1429 550; x_wconf 91' lang='grc' dir='ltr'><strong>Ι.</strong></span> <span class='ocrx_word' id='word_1_45' title='bbox 1462 524 1494 552; x_wconf 87' lang='lat' dir='ltr'><strong>c.</strong></span> <span class='ocrx_word' id='word_1_46' title='bbox 1527 510 1831 564; x_wconf 78' lang='lat' dir='ltr'><strong>p.487.(0ro·</strong></span> 
     </span>
     <span class='ocr_line' id='line_1_7' title="bbox 185 574 1221 627; baseline 0.003 -12"><span class='ocrx_word' id='word_1_47' title='bbox 185 576 261 616; x_wconf 86' lang='lat' dir='ltr'><strong>bus</strong></span> <span class='ocrx_word' id='word_1_48' title='bbox 292 578 508 616; x_wconf 80' lang='lat' dir='ltr'><strong>tuberosus</strong></span> <span class='ocrx_word' id='word_1_49' title='bbox 538 574 604 627; x_wconf 91' lang='lat' dir='ltr'><strong>L.)</strong></span> <span class='ocrx_word' id='word_1_50' title='bbox 634 577 693 617; x_wconf 90' lang='grc' dir='ltr'><strong>ΡΙ.</strong></span> <span class='ocrx_word' id='word_1_51' title='bbox 726 590 811 617; x_wconf 85' lang='lat' dir='ltr'><strong>exs.</strong></span> <span class='ocrx_word' id='word_1_52' title='bbox 844 578 933 618; x_wconf 79' lang='lat' dir='ltr'><strong>coil.</strong></span> <span class='ocrx_word' id='word_1_53' title='bbox 967 591 1054 618; x_wconf 87' lang='lat' dir='ltr'><strong>ven.</strong></span> <span class='ocrx_word' id='word_1_54' title='bbox 1089 591 1125 617; x_wconf 90' lang='lat' dir='ltr'><strong>n</strong></span> <span class='ocrx_word' id='word_1_55' title='bbox 1155 580 1221 618; x_wconf 84' lang='grc'><strong>83.</strong></span> 
     </span>
     <span class='ocr_line' id='line_1_8' title="bbox 295 644 1828 699; baseline 0 -16"><span class='ocrx_word' id='word_1_56' title='bbox 295 644 340 683; x_wconf 89' lang='lat' dir='ltr'><strong>ln</strong></span> <span class='ocrx_word' id='word_1_57' title='bbox 373 645 607 684; x_wconf 88' lang='lat' dir='ltr'><strong>nemoribus</strong></span> <span class='ocrx_word' id='word_1_58' title='bbox 638 657 764 697; x_wconf 84' lang='lat' dir='ltr'>prope</span> <span class='ocrx_word' id='word_1_59' title='bbox 796 644 983 696; x_wconf 81' lang='lat' dir='ltr'><strong>Galindo,</strong></span> <span class='ocrx_word' id='word_1_60' title='bbox 1015 646 1311 695; x_wconf 81' lang='lat' dir='ltr'><strong>Somorrostro,</strong></span> <span class='ocrx_word' id='word_1_61' title='bbox 1340 645 1544 699; x_wconf 75' lang='lat' dir='ltr'><strong>Sopuerta</strong></span> <span class='ocrx_word' id='word_1_62' title='bbox 1573 648 1649 686; x_wconf 75' lang='lat' dir='ltr'><strong>etc</strong></span> <span class='ocrx_word' id='word_1_63' title='bbox 1682 645 1723 685; x_wconf 88' lang='lat' dir='ltr'><strong>in</strong></span> <span class='ocrx_word' id='word_1_64' title='bbox 1740 645 1828 684; x_wconf 76' lang='lat' dir='ltr'><strong>Viz-</strong></span> 
     </span>
     <span class='ocr_line' id='line_1_9' title="bbox 183 710 751 764; baseline 0 -14"><span class='ocrx_word' id='word_1_65' title='bbox 183 723 297 763; x_wconf 68' lang='lat' dir='ltr'><strong>coya.</strong></span> <span class='ocrx_word' id='word_1_66' title='bbox 356 711 466 764; x_wconf 81' lang='lat' dir='ltr'><strong>Majo</strong></span> <span class='ocrx_word' id='word_1_67' title='bbox 497 724 529 749; x_wconf 87' lang='lat' dir='ltr'><strong>c.</strong></span> <span class='ocrx_word' id='word_1_68' title='bbox 564 710 602 750; x_wconf 87' lang='lat' dir='ltr'><strong>fl.</strong></span> <span class='ocrx_word' id='word_1_69' title='bbox 635 714 676 750; x_wconf 80' lang='lat' dir='ltr'><strong>et</strong></span> <span class='ocrx_word' id='word_1_70' title='bbox 706 710 751 750; x_wconf 84' lang='lat' dir='ltr'><strong>fr.</strong></span> 
     </span>
     <span class='ocr_line' id='line_1_10' title="bbox 871 778 1140 828; baseline 0.004 -10"><span class='ocrx_word' id='word_1_71' title='bbox 871 778 1140 828; x_wconf 67' lang='lat' dir='ltr'><strong>Scorpimus.</strong></span> 
     </span>
     <span class='ocr_line' id='line_1_11' title="bbox 297 843 1352 886; baseline 0.001 -1"><span class='ocrx_word' id='word_1_72' title='bbox 297 848 389 885; x_wconf 92' lang='grc'><strong>301.</strong></span> <span class='ocrx_word' id='word_1_73' title='bbox 452 843 496 884; x_wconf 86' lang='lat' dir='ltr'><strong>S.</strong></span> <span class='ocrx_word' id='word_1_74' title='bbox 529 846 753 884; x_wconf 68' lang='lat' dir='ltr'><strong>subvilcosa</strong></span> <span class='ocrx_word' id='word_1_75' title='bbox 784 844 826 884; x_wconf 92' lang='lat' dir='ltr'><strong>L.</strong></span> <span class='ocrx_word' id='word_1_76' title='bbox 861 845 919 885; x_wconf 87' lang='grc' dir='ltr'><strong>ΡΙ.</strong></span> <span class='ocrx_word' id='word_1_77' title='bbox 951 859 1035 885; x_wconf 79' lang='lat' dir='ltr'><strong>exs.</strong></span> <span class='ocrx_word' id='word_1_78' title='bbox 1068 847 1157 885; x_wconf 74' lang='lat' dir='ltr'><strong>coil.</strong></span> <span class='ocrx_word' id='word_1_79' title='bbox 1192 859 1281 886; x_wconf 86' lang='lat' dir='ltr'><strong>ven.</strong></span> <span class='ocrx_word' id='word_1_80' title='bbox 1316 859 1352 886; x_wconf 82' lang='lat' dir='ltr'><strong>n.</strong></span> 
     </span>
     <span class='ocr_line' id='line_1_12' title="bbox 290 911 1828 967; baseline -0.001 -16"><span class='ocrx_word' id='word_1_81' title='bbox 290 911 336 951; x_wconf 89' lang='lat' dir='ltr'><strong>lu</strong></span> <span class='ocrx_word' id='word_1_82' title='bbox 366 913 553 951; x_wconf 81' lang='lat' dir='ltr'><strong>arenosis</strong></span> <span class='ocrx_word' id='word_1_83' title='bbox 585 911 806 966; x_wconf 84' lang='lat' dir='ltr'><strong>pinguibus</strong></span> <span class='ocrx_word' id='word_1_84' title='bbox 835 913 998 952; x_wconf 81' lang='lat' dir='ltr'><strong>collium</strong></span> <span class='ocrx_word' id='word_1_85' title='bbox 1031 926 1156 966; x_wconf 81' lang='lat' dir='ltr'><strong>prope</strong></span> <span class='ocrx_word' id='word_1_86' title='bbox 1188 913 1330 954; x_wconf 80' lang='lat' dir='ltr'><strong>Bilbao</strong></span> <span class='ocrx_word' id='word_1_87' title='bbox 1364 913 1529 966; x_wconf 84' lang='lat' dir='ltr'><strong>passim.</strong></span> <span class='ocrx_word' id='word_1_88' title='bbox 1585 911 1694 967; x_wconf 78' lang='lat' dir='ltr'><strong>Majo</strong></span> <span class='ocrx_word' id='word_1_89' title='bbox 1726 925 1760 952; x_wconf 81' lang='lat' dir='ltr'><strong>c.</strong></span> <span class='ocrx_word' id='word_1_90' title='bbox 1791 911 1828 951; x_wconf 86' lang='lat' dir='ltr'><strong>fl.</strong></span> 
     </span>
     <span class='ocr_line' id='line_1_13' title="bbox 895 980 1116 1019; baseline 0.005 -1"><span class='ocrx_word' id='word_1_91' title='bbox 895 980 1116 1019; x_wconf 73' lang='lat' dir='ltr'><strong>Coronida.</strong></span> 
     </span>
     <span class='ocr_line' id='line_1_14' title="bbox 295 1044 1329 1090; baseline 0.001 -7"><span class='ocrx_word' id='word_1_92' title='bbox 295 1050 387 1088; x_wconf 80' lang='lat'>302.</span> <span class='ocrx_word' id='word_1_93' title='bbox 449 1044 494 1088; x_wconf 80' lang='lat'><strong>0.</strong></span> <span class='ocrx_word' id='word_1_94' title='bbox 526 1046 707 1086; x_wconf 77' lang='lat' dir='ltr'><strong>Emerus</strong></span> <span class='ocrx_word' id='word_1_95' title='bbox 739 1045 780 1085; x_wconf 89' lang='lat' dir='ltr'><strong>L.</strong></span> <span class='ocrx_word' id='word_1_96' title='bbox 1326 1088 1329 1090; x_wconf 61' lang='grc'><strong>,</strong></span> 
     </span>
     <span class='ocr_line' id='line_1_15' title="bbox 294 1111 1827 1164; baseline 0.001 -12"><span class='ocrx_word' id='word_1_97' title='bbox 294 1113 340 1153; x_wconf 86' lang='lat' dir='ltr'><strong>lu</strong></span> <span class='ocrx_word' id='word_1_98' title='bbox 371 1113 545 1154; x_wconf 85' lang='lat' dir='ltr'><strong>dumetis</strong></span> <span class='ocrx_word' id='word_1_99' title='bbox 575 1112 624 1152; x_wconf 84' lang='lat' dir='ltr'><strong>ad</strong></span> <span class='ocrx_word' id='word_1_100' title='bbox 664 1112 824 1153; x_wconf 73' lang='lat' dir='ltr'><strong>radices</strong></span> <span class='ocrx_word' id='word_1_101' title='bbox 856 1114 1004 1153; x_wconf 87' lang='lat' dir='ltr'><strong>montis</strong></span> <span class='ocrx_word' id='word_1_102' title='bbox 1035 1113 1145 1153; x_wconf 85' lang='lat' dir='ltr'><strong>Pena</strong></span> <span class='ocrx_word' id='word_1_103' title='bbox 1176 1112 1226 1153; x_wconf 82' lang='lat' dir='ltr'><strong>de</strong></span> <span class='ocrx_word' id='word_1_104' title='bbox 1258 1112 1450 1154; x_wconf 68' lang='lat' dir='ltr'><strong>Oro&#39;elet</strong></span> <span class='ocrx_word' id='word_1_105' title='bbox 1478 1113 1517 1152; x_wconf 89' lang='lat' dir='ltr'><strong>in</strong></span> <span class='ocrx_word' id='word_1_106' title='bbox 1549 1111 1722 1151; x_wconf 82' lang='lat' dir='ltr'><strong>vanibus</strong></span> <span class='ocrx_word' id='word_1_107' title='bbox 1751 1112 1827 1164; x_wconf 82' lang='lat' dir='ltr'><strong>Py-</strong></span> 
     </span>
     <span class='ocr_line' id='line_1_16' title="bbox 184 1178 1829 1230; baseline -0.001 -10"><span class='ocrx_word' id='word_1_108' title='bbox 184 1193 413 1222; x_wconf 86' lang='lat' dir='ltr'><strong>renaeorum</strong></span> <span class='ocrx_word' id='word_1_109' title='bbox 444 1179 722 1230; x_wconf 82' lang='lat' dir='ltr'><strong>inferioribus,</strong></span> <span class='ocrx_word' id='word_1_110' title='bbox 753 1192 790 1220; x_wconf 87' lang='lat' dir='ltr'><strong>v.</strong></span> <span class='ocrx_word' id='word_1_111' title='bbox 822 1193 856 1220; x_wconf 83' lang='lat' dir='ltr'><strong>c.</strong></span> <span class='ocrx_word' id='word_1_112' title='bbox 888 1180 994 1220; x_wconf 80' lang='lat' dir='ltr'><strong>circa</strong></span> <span class='ocrx_word' id='word_1_113' title='bbox 1025 1179 1240 1226; x_wconf 78' lang='lat' dir='ltr'><strong>eanfranc,</strong></span> <span class='ocrx_word' id='word_1_114' title='bbox 1271 1180 1505 1229; x_wconf 82' lang='lat' dir='ltr'><strong>Panticosa,</strong></span> <span class='ocrx_word' id='word_1_115' title='bbox 1535 1178 1586 1219; x_wconf 81' lang='lat' dir='ltr'><strong>ad</strong></span> <span class='ocrx_word' id='word_1_116' title='bbox 1601 1178 1829 1219; x_wconf 79' lang='lat' dir='ltr'><strong>alt.3ooo.‘</strong></span> 
     </span>
     <span class='ocr_line' id='line_1_17' title="bbox 183 1246 683 1301; baseline -0.004 -13"><span class='ocrx_word' id='word_1_117' title='bbox 183 1247 280 1289; x_wconf 87' lang='lat' dir='ltr'><strong>Jun.</strong></span> <span class='ocrx_word' id='word_1_118' title='bbox 314 1262 345 1287; x_wconf 82' lang='lat' dir='ltr'><strong>c.</strong></span> <span class='ocrx_word' id='word_1_119' title='bbox 379 1246 418 1286; x_wconf 88' lang='lat' dir='ltr'><strong>fl.</strong></span> <span class='ocrx_word' id='word_1_120' title='bbox 452 1250 492 1288; x_wconf 86' lang='lat' dir='ltr'><strong>et</strong></span> <span class='ocrx_word' id='word_1_121' title='bbox 521 1247 568 1287; x_wconf 72' lang='lat' dir='ltr'><strong>ir.</strong></span> <span class='ocrx_word' id='word_1_122' title='bbox 597 1249 683 1301; x_wconf 81' lang='lat' dir='ltr'><strong>Juv.</strong></span> 
     </span>
     <span class='ocr_line' id='line_1_18' title="bbox 294 1312 1826 1368; baseline 0 -12"><span class='ocrx_word' id='word_1_123' title='bbox 294 1318 386 1356; x_wconf 88' lang='lat'><strong>303.</strong></span> <span class='ocrx_word' id='word_1_124' title='bbox 447 1314 491 1354; x_wconf 82' lang='lat'><strong>0.</strong></span> <span class='ocrx_word' id='word_1_125' title='bbox 523 1317 696 1353; x_wconf 77' lang='lat' dir='ltr'><strong>minima</strong></span> <span class='ocrx_word' id='word_1_126' title='bbox 724 1313 766 1356; x_wconf 90' lang='lat' dir='ltr'><strong>L.</strong></span> <span class='ocrx_word' id='word_1_127' title='bbox 797 1322 836 1357; x_wconf 65' lang='grc' dir='ltr'><strong>α.</strong></span> <span class='ocrx_word' id='word_1_128' title='bbox 862 1315 1050 1368; x_wconf 74' lang='lat' dir='ltr'><strong>qenuz‘na</strong></span> <span class='ocrx_word' id='word_1_129' title='bbox 1080 1312 1233 1354; x_wconf 85' lang='lat' dir='ltr'><strong>Godr.</strong></span> <span class='ocrx_word' id='word_1_130' title='bbox 1266 1313 1416 1354; x_wconf 82' lang='lat' dir='ltr'><strong>Gren.</strong></span> <span class='ocrx_word' id='word_1_131' title='bbox 1447 1313 1472 1354; x_wconf 92' lang='grc' dir='ltr'><strong>Ι,</strong></span> <span class='ocrx_word' id='word_1_132' title='bbox 1507 1326 1538 1353; x_wconf 83' lang='lat' dir='ltr'><strong>e.</strong></span> <span class='ocrx_word' id='word_1_133' title='bbox 1571 1327 1609 1368; x_wconf 89' lang='lat' dir='ltr'><strong>p.</strong></span> <span class='ocrx_word' id='word_1_134' title='bbox 1642 1316 1736 1357; x_wconf 81' lang='lat'><strong>496.</strong></span> <span class='ocrx_word' id='word_1_135' title='bbox 1769 1314 1826 1356; x_wconf 86' lang='grc' dir='ltr'><strong>ΡΙ.</strong></span> 
     </span>
     <span class='ocr_line' id='line_1_19' title="bbox 185 1381 770 1423; baseline 0.003 -3"><span class='ocrx_word' id='word_1_136' title='bbox 185 1394 272 1423; x_wconf 82' lang='lat' dir='ltr'><strong>exs.</strong></span> <span class='ocrx_word' id='word_1_137' title='bbox 307 1382 397 1422; x_wconf 80' lang='lat' dir='ltr'><strong>coli.</strong></span> <span class='ocrx_word' id='word_1_138' title='bbox 432 1394 522 1422; x_wconf 83' lang='lat' dir='ltr'><strong>ven.</strong></span> <span class='ocrx_word' id='word_1_139' title='bbox 555 1395 592 1423; x_wconf 89' lang='lat' dir='ltr'><strong>n.</strong></span> <span class='ocrx_word' id='word_1_140' title='bbox 625 1385 703 1423; x_wconf 84' lang='lat'><strong>11⁰</strong></span> <span class='ocrx_word' id='word_1_141' title='bbox 734 1381 770 1422; x_wconf 89' lang='lat' dir='ltr'><strong>b.</strong></span> 
     </span>
     <span class='ocr_line' id='line_1_20' title="bbox 295 1446 1825 1504; baseline 0 -16"><span class='ocrx_word' id='word_1_142' title='bbox 295 1448 340 1488; x_wconf 88' lang='lat' dir='ltr'><strong>ln</strong></span> <span class='ocrx_word' id='word_1_143' title='bbox 374 1449 560 1488; x_wconf 75' lang='lat' dir='ltr'><strong>arenosis</strong></span> <span class='ocrx_word' id='word_1_144' title='bbox 600 1461 726 1503; x_wconf 82' lang='lat' dir='ltr'><strong>prope</strong></span> <span class='ocrx_word' id='word_1_145' title='bbox 757 1447 861 1490; x_wconf 80' lang='lat' dir='ltr'><strong>Jaca</strong></span> <span class='ocrx_word' id='word_1_146' title='bbox 890 1449 930 1488; x_wconf 85' lang='lat' dir='ltr'><strong>in</strong></span> <span class='ocrx_word' id='word_1_147' title='bbox 961 1449 1164 1504; x_wconf 82' lang='lat' dir='ltr'><strong>Aragonia</strong></span> <span class='ocrx_word' id='word_1_148' title='bbox 1194 1447 1408 1502; x_wconf 77' lang='lat' dir='ltr'><strong>superiore</strong></span> <span class='ocrx_word' id='word_1_149' title='bbox 1438 1447 1605 1502; x_wconf 79' lang='lat' dir='ltr'><strong>passim.</strong></span> <span class='ocrx_word' id='word_1_150' title='bbox 1665 1446 1760 1489; x_wconf 88' lang='lat' dir='ltr'><strong>Jun.</strong></span> <span class='ocrx_word' id='word_1_151' title='bbox 1792 1460 1825 1488; x_wconf 86' lang='lat' dir='ltr'><strong>c.</strong></span> 
     </span>
     <span class='ocr_line' id='line_1_21' title="bbox 183 1514 377 1558; baseline 0.005 -2"><span class='ocrx_word' id='word_1_152' title='bbox 183 1514 220 1558; x_wconf 86' lang='lat' dir='ltr'><strong>fl.</strong></span> <span class='ocrx_word' id='word_1_153' title='bbox 253 1519 293 1556; x_wconf 80' lang='lat' dir='ltr'><strong>et</strong></span> <span class='ocrx_word' id='word_1_154' title='bbox 330 1515 377 1557; x_wconf 83' lang='lat' dir='ltr'><strong>sr.</strong></span> 
     </span>
     <span class='ocr_line' id='line_1_22' title="bbox 295 1580 1825 1635; baseline -0.001 -12"><span class='ocrx_word' id='word_1_155' title='bbox 295 1586 388 1624; x_wconf 78' lang='grc'><strong>304.</strong></span> <span class='ocrx_word' id='word_1_156' title='bbox 451 1583 498 1623; x_wconf 79' lang='lat'><strong>0.</strong></span> <span class='ocrx_word' id='word_1_157' title='bbox 529 1584 785 1634; x_wconf 74' lang='lat' dir='ltr'><strong>scorpioides</strong></span> <span class='ocrx_word' id='word_1_158' title='bbox 815 1580 958 1624; x_wconf 81' lang='lat' dir='ltr'><strong>Koch.</strong></span> <span class='ocrx_word' id='word_1_159' title='bbox 990 1582 1111 1622; x_wconf 78' lang='lat' dir='ltr'><strong>Gren.</strong></span> <span class='ocrx_word' id='word_1_160' title='bbox 1145 1580 1266 1621; x_wconf 80' lang='lat' dir='ltr'><strong>Godr.</strong></span> <span class='ocrx_word' id='word_1_161' title='bbox 1298 1582 1323 1623; x_wconf 90' lang='grc' dir='ltr'><strong>Ι.</strong></span> <span class='ocrx_word' id='word_1_162' title='bbox 1343 1595 1375 1622; x_wconf 87' lang='lat' dir='ltr'><strong>c.</strong></span> <span class='ocrx_word' id='word_1_163' title='bbox 1395 1595 1432 1635; x_wconf 86' lang='lat' dir='ltr'><strong>p.</strong></span> <span class='ocrx_word' id='word_1_164' title='bbox 1451 1584 1544 1624; x_wconf 80' lang='lat'>497.</span> <span class='ocrx_word' id='word_1_165' title='bbox 1579 1580 1825 1630; x_wconf 77' lang='lat' dir='ltr'><strong>[Arthrolob.</strong></span> 
     </span>
     <span class='ocr_line' id='line_1_23' title="bbox 182 1649 1188 1702; baseline 0.001 -13"><span class='ocrx_word' id='word_1_166' title='bbox 182 1649 399 1702; x_wconf 83' lang='lat' dir='ltr'><strong>scorpioid.</strong></span> <span class='ocrx_word' id='word_1_167' title='bbox 433 1650 533 1695; x_wconf 79' lang='lat' dir='ltr'><strong>De.)</strong></span> <span class='ocrx_word' id='word_1_168' title='bbox 570 1651 628 1693; x_wconf 87' lang='grc' dir='ltr'><strong>ΡΙ.</strong></span> <span class='ocrx_word' id='word_1_169' title='bbox 660 1663 745 1690; x_wconf 82' lang='lat' dir='ltr'><strong>exs.</strong></span> <span class='ocrx_word' id='word_1_170' title='bbox 777 1649 867 1690; x_wconf 82' lang='lat' dir='ltr'><strong>con.</strong></span> <span class='ocrx_word' id='word_1_171' title='bbox 900 1661 989 1688; x_wconf 87' lang='lat' dir='ltr'><strong>ven.</strong></span> <span class='ocrx_word' id='word_1_172' title='bbox 1024 1661 1061 1688; x_wconf 87' lang='lat' dir='ltr'><strong>n.</strong></span> <span class='ocrx_word' id='word_1_173' title='bbox 1095 1651 1188 1690; x_wconf 83' lang='lat'><strong>235.</strong></span> 
     </span>
     <span class='ocr_line' id='line_1_24' title="bbox 297 1715 1826 1773; baseline 0.001 -19"><span class='ocrx_word' id='word_1_174' title='bbox 297 1715 408 1757; x_wconf 77' lang='lat' dir='ltr'><strong>inter</strong></span> <span class='ocrx_word' id='word_1_175' title='bbox 437 1722 604 1773; x_wconf 84' lang='lat' dir='ltr'><strong>segetes</strong></span> <span class='ocrx_word' id='word_1_176' title='bbox 635 1729 761 1770; x_wconf 87' lang='lat' dir='ltr'><strong>prope</strong></span> <span class='ocrx_word' id='word_1_177' title='bbox 792 1716 917 1757; x_wconf 82' lang='lat' dir='ltr'><strong>Olave</strong></span> <span class='ocrx_word' id='word_1_178' title='bbox 947 1720 987 1755; x_wconf 79' lang='lat' dir='ltr'><strong>et</strong></span> <span class='ocrx_word' id='word_1_179' title='bbox 1017 1716 1113 1755; x_wconf 82' lang='lat' dir='ltr'><strong>alibi</strong></span> <span class='ocrx_word' id='word_1_180' title='bbox 1146 1718 1185 1756; x_wconf 89' lang='lat' dir='ltr'><strong>in</strong></span> <span class='ocrx_word' id='word_1_181' title='bbox 1216 1716 1395 1757; x_wconf 80' lang='lat' dir='ltr'><strong>Navarra</strong></span> <span class='ocrx_word' id='word_1_182' title='bbox 1425 1716 1603 1770; x_wconf 82' lang='lat' dir='ltr'><strong>copiose.</strong></span> <span class='ocrx_word' id='word_1_183' title='bbox 1665 1715 1761 1756; x_wconf 85' lang='lat' dir='ltr'><strong>Jun.</strong></span> <span class='ocrx_word' id='word_1_184' title='bbox 1794 1729 1826 1755; x_wconf 87' lang='lat' dir='ltr'><strong>c.</strong></span> 
     </span>
     <span class='ocr_line' id='line_1_25' title="bbox 184 1781 371 1824; baseline 0.011 -2"><span class='ocrx_word' id='word_1_185' title='bbox 184 1781 222 1822; x_wconf 84' lang='lat' dir='ltr'><strong>fl.</strong></span> <span class='ocrx_word' id='word_1_186' title='bbox 254 1787 294 1824; x_wconf 87' lang='lat' dir='ltr'><strong>et</strong></span> <span class='ocrx_word' id='word_1_187' title='bbox 325 1782 371 1824; x_wconf 88' lang='lat' dir='ltr'><strong>fr.</strong></span> 
     </span>
     <span class='ocr_line' id='line_1_26' title="bbox 797 1849 1090 1900; baseline 0 -11"><span class='ocrx_word' id='word_1_188' title='bbox 797 1849 1090 1900; x_wconf 68' lang='lat' dir='ltr'><strong>Hippocrepis.</strong></span> 
     </span>
     <span class='ocr_line' id='line_1_27' title="bbox 293 1916 1422 1959; baseline -0.001 -1"><span class='ocrx_word' id='word_1_189' title='bbox 293 1920 385 1959; x_wconf 85' lang='grc'><strong>305.</strong></span> <span class='ocrx_word' id='word_1_190' title='bbox 445 1917 501 1958; x_wconf 89' lang='lat' dir='ltr'><strong>H.</strong></span> <span class='ocrx_word' id='word_1_191' title='bbox 533 1929 700 1958; x_wconf 80' lang='lat' dir='ltr'><strong>comosa</strong></span> <span class='ocrx_word' id='word_1_192' title='bbox 728 1916 774 1959; x_wconf 89' lang='lat' dir='ltr'><strong>L.</strong></span> <span class='ocrx_word' id='word_1_193' title='bbox 804 1916 863 1958; x_wconf 89' lang='grc' dir='ltr'><strong>ΡΙ.</strong></span> <span class='ocrx_word' id='word_1_194' title='bbox 894 1929 978 1956; x_wconf 84' lang='lat' dir='ltr'><strong>exs.</strong></span> <span class='ocrx_word' id='word_1_195' title='bbox 1012 1916 1101 1955; x_wconf 86' lang='lat' dir='ltr'><strong>coll.</strong></span> <span class='ocrx_word' id='word_1_196' title='bbox 1138 1928 1226 1957; x_wconf 84' lang='lat' dir='ltr'><strong>ven.</strong></span> <span class='ocrx_word' id='word_1_197' title='bbox 1259 1929 1295 1957; x_wconf 89' lang='lat' dir='ltr'><strong>n.</strong></span> <span class='ocrx_word' id='word_1_198' title='bbox 1328 1919 1422 1957; x_wconf 84' lang='lat'>110.</span> 
     </span>
     <span class='ocr_line' id='line_1_28' title="bbox 293 1982 1828 2038; baseline -0.001 -15"><span class='ocrx_word' id='word_1_199' title='bbox 293 1983 338 2023; x_wconf 84' lang='lat' dir='ltr'><strong>ln</strong></span> <span class='ocrx_word' id='word_1_200' title='bbox 371 1990 507 2024; x_wconf 80' lang='lat' dir='ltr'><strong>monte</strong></span> <span class='ocrx_word' id='word_1_201' title='bbox 540 1985 724 2025; x_wconf 82' lang='lat' dir='ltr'><strong>calcareo</strong></span> <span class='ocrx_word' id='word_1_202' title='bbox 755 1985 851 2025; x_wconf 77' lang='lat' dir='ltr'><strong>Pico</strong></span> <span class='ocrx_word' id='word_1_203' title='bbox 882 1983 932 2023; x_wconf 85' lang='lat' dir='ltr'><strong>de</strong></span> <span class='ocrx_word' id='word_1_204' title='bbox 963 1983 1159 2023; x_wconf 77' lang='lat' dir='ltr'><strong>Sarautes</strong></span> <span class='ocrx_word' id='word_1_205' title='bbox 1190 1996 1316 2036; x_wconf 88' lang='lat' dir='ltr'><strong>prope</strong></span> <span class='ocrx_word' id='word_1_206' title='bbox 1347 1983 1490 2024; x_wconf 79' lang='lat' dir='ltr'><strong>Bilbao</strong></span> <span class='ocrx_word' id='word_1_207' title='bbox 1521 1984 1675 2031; x_wconf 77' lang='lat' dir='ltr'><strong>rarius,</strong></span> <span class='ocrx_word' id='word_1_208' title='bbox 1717 1982 1828 2038; x_wconf 79' lang='lat' dir='ltr'><strong>Majo</strong></span> 
     </span>
     <span class='ocr_line' id='line_1_29' title="bbox 183 2049 1824 2108; baseline 0.001 -19"><span class='ocrx_word' id='word_1_209' title='bbox 183 2064 216 2090; x_wconf 82' lang='lat' dir='ltr'><strong>c.</strong></span> <span class='ocrx_word' id='word_1_210' title='bbox 251 2050 305 2100; x_wconf 86' lang='lat' dir='ltr'><strong>fl.‚</strong></span> <span class='ocrx_word' id='word_1_211' title='bbox 339 2052 377 2091; x_wconf 91' lang='lat' dir='ltr'><strong>in</strong></span> <span class='ocrx_word' id='word_1_212' title='bbox 405 2054 517 2108; x_wconf 85' lang='lat' dir='ltr'><strong>jugis</strong></span> <span class='ocrx_word' id='word_1_213' title='bbox 552 2054 745 2092; x_wconf 86' lang='lat' dir='ltr'><strong>montium</strong></span> <span class='ocrx_word' id='word_1_214' title='bbox 778 2051 889 2093; x_wconf 81' lang='lat' dir='ltr'><strong>Pena</strong></span> <span class='ocrx_word' id='word_1_215' title='bbox 905 2049 1109 2102; x_wconf 80' lang='lat' dir='ltr'><strong>Gorveya,</strong></span> <span class='ocrx_word' id='word_1_216' title='bbox 1143 2049 1254 2090; x_wconf 84' lang='lat' dir='ltr'><strong>Pena</strong></span> <span class='ocrx_word' id='word_1_217' title='bbox 1283 2050 1333 2090; x_wconf 78' lang='lat' dir='ltr'><strong>(le</strong></span> <span class='ocrx_word' id='word_1_218' title='bbox 1366 2050 1500 2100; x_wconf 69' lang='lat' dir='ltr'><strong>Oroei,</strong></span> <span class='ocrx_word' id='word_1_219' title='bbox 1531 2050 1671 2090; x_wconf 84' lang='lat' dir='ltr'><strong>Monte</strong></span> <span class='ocrx_word' id='word_1_220' title='bbox 1702 2049 1751 2090; x_wconf 87' lang='lat' dir='ltr'><strong>de</strong></span> <span class='ocrx_word' id='word_1_221' title='bbox 1782 2051 1824 2090; x_wconf 91' lang='lat' dir='ltr'><strong>S.</strong></span> 
     </span>
     <span class='ocr_line' id='line_1_30' title="bbox 181 2115 1830 2172; baseline -0.001 -15"><span class='ocrx_word' id='word_1_222' title='bbox 181 2117 292 2158; x_wconf 81' lang='lat' dir='ltr'><strong>Juau</strong></span> <span class='ocrx_word' id='word_1_223' title='bbox 322 2123 362 2158; x_wconf 83' lang='lat' dir='ltr'><strong>et</strong></span> <span class='ocrx_word' id='word_1_224' title='bbox 393 2120 716 2172; x_wconf 84' lang='lat' dir='ltr'><strong>Pyrenaeorum:</strong></span> <span class='ocrx_word' id='word_1_225' title='bbox 749 2118 896 2160; x_wconf 85' lang='lat' dir='ltr'><strong>Puerto</strong></span> <span class='ocrx_word' id='word_1_226' title='bbox 928 2116 978 2157; x_wconf 86' lang='lat' dir='ltr'><strong>de</strong></span> <span class='ocrx_word' id='word_1_227' title='bbox 1008 2115 1232 2167; x_wconf 76' lang='lat' dir='ltr'><strong>eanfranc,</strong></span> <span class='ocrx_word' id='word_1_228' title='bbox 1265 2118 1493 2159; x_wconf 74' lang='lat'><strong>3-5000‘,</strong></span> <span class='ocrx_word' id='word_1_229' title='bbox 1524 2116 1620 2159; x_wconf 87' lang='lat' dir='ltr'><strong>Jun.</strong></span> <span class='ocrx_word' id='word_1_230' title='bbox 1652 2130 1686 2161; x_wconf 87' lang='lat' dir='ltr'><strong>c.</strong></span> <span class='ocrx_word' id='word_1_231' title='bbox 1717 2116 1756 2156; x_wconf 86' lang='lat' dir='ltr'><strong>fl.</strong></span> <span class='ocrx_word' id='word_1_232' title='bbox 1790 2119 1830 2156; x_wconf 85' lang='lat' dir='ltr'><strong>et</strong></span> 
     </span>
     <span class='ocr_line' id='line_1_31' title="bbox 183 2183 342 2238; baseline 0.019 -16"><span class='ocrx_word' id='word_1_233' title='bbox 183 2183 229 2223; x_wconf 84' lang='lat' dir='ltr'><strong>fr.</strong></span> <span class='ocrx_word' id='word_1_234' title='bbox 258 2186 342 2238; x_wconf 86' lang='lat' dir='ltr'><strong>juv.</strong></span> 
     </span>
     <span class='ocr_line' id='line_1_32' title="bbox 871 2249 1145 2302; baseline -0.011 -12"><span class='ocrx_word' id='word_1_235' title='bbox 871 2249 1145 2302; x_wconf 76' lang='lat' dir='ltr'><strong>Hedysarum.</strong></span> 
     </span>
     <span class='ocr_line' id='line_1_33' title="bbox 296 2318 763 2359; baseline -0.004 0"><span class='ocrx_word' id='word_1_236' title='bbox 296 2322 388 2359; x_wconf 82' lang='lat'>306.</span> <span class='ocrx_word' id='word_1_237' title='bbox 450 2318 504 2357; x_wconf 86' lang='lat'><strong>11.</strong></span> <span class='ocrx_word' id='word_1_238' title='bbox 538 2321 691 2358; x_wconf 74' lang='lat' dir='ltr'><strong>humile</strong></span> <span class='ocrx_word' id='word_1_239' title='bbox 721 2318 763 2359; x_wconf 93' lang='lat' dir='ltr'><strong>L.</strong></span> 
     </span>
     <span class='ocr_line' id='line_1_34' title="bbox 294 2383 1829 2440; baseline 0 -16"><span class='ocrx_word' id='word_1_240' title='bbox 294 2384 338 2424; x_wconf 85' lang='lat' dir='ltr'><strong>ln</strong></span> <span class='ocrx_word' id='word_1_241' title='bbox 380 2386 634 2437; x_wconf 81' lang='lat' dir='ltr'><strong>rupestribus</strong></span> <span class='ocrx_word' id='word_1_242' title='bbox 671 2386 865 2426; x_wconf 86' lang='lat' dir='ltr'><strong>montium</strong></span> <span class='ocrx_word' id='word_1_243' title='bbox 906 2397 1031 2438; x_wconf 87' lang='lat' dir='ltr'><strong>prope</strong></span> <span class='ocrx_word' id='word_1_244' title='bbox 1072 2384 1197 2424; x_wconf 79' lang='lat' dir='ltr'><strong>Chiva</strong></span> <span class='ocrx_word' id='word_1_245' title='bbox 1236 2386 1274 2424; x_wconf 86' lang='lat' dir='ltr'><strong>in</strong></span> <span class='ocrx_word' id='word_1_246' title='bbox 1316 2397 1443 2440; x_wconf 85' lang='lat' dir='ltr'><strong>regno</strong></span> <span class='ocrx_word' id='word_1_247' title='bbox 1483 2384 1689 2425; x_wconf 74' lang='lat' dir='ltr'><strong>valentino</strong></span> <span class='ocrx_word' id='word_1_248' title='bbox 1737 2383 1829 2425; x_wconf 85' lang='lat' dir='ltr'><strong>hinc</strong></span> 
     </span>
     <span class='ocr_line' id='line_1_35' title="bbox 185 2451 951 2507; baseline 0.001 -17"><span class='ocrx_word' id='word_1_249' title='bbox 185 2451 277 2491; x_wconf 84' lang='lat' dir='ltr'><strong>inde</strong></span> <span class='ocrx_word' id='word_1_250' title='bbox 308 2466 449 2492; x_wconf 84' lang='lat' dir='ltr'><strong>mense</strong></span> <span class='ocrx_word' id='word_1_251' title='bbox 481 2454 579 2507; x_wconf 66' lang='lat' dir='ltr'><strong>Aug.</strong></span> <span class='ocrx_word' id='word_1_252' title='bbox 612 2455 754 2493; x_wconf 78' lang='lat' dir='ltr'><strong>iterum</strong></span> <span class='ocrx_word' id='word_1_253' title='bbox 787 2452 951 2493; x_wconf 84' lang='lat' dir='ltr'><strong>florens.</strong></span> 
     </span>
     <span class='ocr_line' id='line_1_36' title="bbox 880 2520 1147 2569; baseline -0.007 -11"><span class='ocrx_word' id='word_1_254' title='bbox 880 2520 1147 2569; x_wconf 74' lang='lat' dir='ltr'><strong>Onobrychis.</strong></span> 
     </span>
     <span class='ocr_line' id='line_1_37' title="bbox 295 2584 1822 2637; baseline -0.001 -11"><span class='ocrx_word' id='word_1_255' title='bbox 295 2589 387 2628; x_wconf 87' lang='grc'><strong>307.</strong></span> <span class='ocrx_word' id='word_1_256' title='bbox 447 2587 490 2625; x_wconf 87' lang='lat'><strong>0.</strong></span> <span class='ocrx_word' id='word_1_257' title='bbox 525 2588 660 2625; x_wconf 70' lang='lat' dir='ltr'><strong>sativa</strong></span> <span class='ocrx_word' id='word_1_258' title='bbox 691 2586 854 2629; x_wconf 66' lang='lat' dir='ltr'><strong>Lami«.</strong></span> <span class='ocrx_word' id='word_1_259' title='bbox 895 2584 938 2637; x_wconf 80' lang='grc' dir='ltr'><strong>β.</strong></span> <span class='ocrx_word' id='word_1_260' title='bbox 971 2590 1166 2624; x_wconf 76' lang='lat' dir='ltr'><strong>montana</strong></span> <span class='ocrx_word' id='word_1_261' title='bbox 1199 2584 1356 2628; x_wconf 74' lang='lat' dir='ltr'><strong>(iaud.</strong></span> <span class='ocrx_word' id='word_1_262' title='bbox 1396 2586 1454 2626; x_wconf 91' lang='grc' dir='ltr'><strong>ΡΙ.</strong></span> <span class='ocrx_word' id='word_1_263' title='bbox 1486 2599 1570 2627; x_wconf 85' lang='lat' dir='ltr'><strong>exs.</strong></span> <span class='ocrx_word' id='word_1_264' title='bbox 1602 2585 1693 2626; x_wconf 84' lang='lat' dir='ltr'><strong>coli.</strong></span> <span class='ocrx_word' id='word_1_265' title='bbox 1734 2598 1822 2625; x_wconf 86' lang='lat' dir='ltr'><strong>ven.</strong></span> 
     </span>
     <span class='ocr_line' id='line_1_38' title="bbox 185 2657 350 2694; baseline -0.006 -2"><span class='ocrx_word' id='word_1_266' title='bbox 185 2666 222 2692; x_wconf 88' lang='lat' dir='ltr'><strong>n.</strong></span> <span class='ocrx_word' id='word_1_267' title='bbox 257 2657 350 2694; x_wconf 79' lang='lat'><strong>251.</strong></span> 
     </span>
     <span class='ocr_line' id='line_1_39' title="bbox 297 2718 1829 2775; baseline -0.001 -17"><span class='ocrx_word' id='word_1_268' title='bbox 297 2720 341 2759; x_wconf 82' lang='lat' dir='ltr'><strong>ln</strong></span> <span class='ocrx_word' id='word_1_269' title='bbox 382 2719 636 2772; x_wconf 76' lang='lat' dir='ltr'><strong>rupestribus</strong></span> <span class='ocrx_word' id='word_1_270' title='bbox 675 2719 803 2760; x_wconf 81' lang='lat' dir='ltr'><strong>aridis</strong></span> <span class='ocrx_word' id='word_1_271' title='bbox 843 2733 970 2775; x_wconf 82' lang='lat' dir='ltr'><strong>prope</strong></span> <span class='ocrx_word' id='word_1_272' title='bbox 997 2719 1181 2761; x_wconf 63' lang='lat' dir='ltr'><strong>montes!</strong></span> <span class='ocrx_word' id='word_1_273' title='bbox 1221 2720 1262 2760; x_wconf 88' lang='lat' dir='ltr'><strong>in</strong></span> <span class='ocrx_word' id='word_1_274' title='bbox 1292 2718 1482 2759; x_wconf 73' lang='lat' dir='ltr'><strong>Navarra.</strong></span> <span class='ocrx_word' id='word_1_275' title='bbox 1522 2719 1617 2760; x_wconf 85' lang='lat' dir='ltr'><strong>Jun.</strong></span> <span class='ocrx_word' id='word_1_276' title='bbox 1650 2732 1682 2759; x_wconf 82' lang='lat' dir='ltr'><strong>c.</strong></span> <span class='ocrx_word' id='word_1_277' title='bbox 1718 2718 1754 2759; x_wconf 81' lang='lat' dir='ltr'><strong>fl.</strong></span> <span class='ocrx_word' id='word_1_278' title='bbox 1789 2723 1829 2758; x_wconf 77' lang='lat' dir='ltr'><strong>et</strong></span> 
     </span>
     <span class='ocr_line' id='line_1_40' title="bbox 185 2786 347 2839; baseline -0.006 -14"><span class='ocrx_word' id='word_1_279' title='bbox 185 2786 229 2825; x_wconf 85' lang='lat' dir='ltr'><strong>fr.</strong></span> <span class='ocrx_word' id='word_1_280' title='bbox 263 2789 347 2839; x_wconf 91' lang='lat' dir='ltr'><strong>juv.</strong></span> 
     </span>
     <span class='ocr_line' id='line_1_41' title="bbox 783 2854 1222 2906; baseline -0.002 -13"><span class='ocrx_word' id='word_1_281' title='bbox 783 2854 1222 2906; x_wconf 66' lang='lat' dir='ltr'><strong>Amygldalaceac.</strong></span> 
     </span>
     <span class='ocr_line' id='line_1_42' title="bbox 296 2919 909 2963; baseline -0.005 -1"><span class='ocrx_word' id='word_1_282' title='bbox 296 2923 388 2962; x_wconf 80' lang='lat'>308.</span> <span class='ocrx_word' id='word_1_283' title='bbox 452 2920 629 2963; x_wconf 71' lang='lat' dir='ltr'><strong>Prunus</strong></span> <span class='ocrx_word' id='word_1_284' title='bbox 657 2920 836 2962; x_wconf 69' lang='lat' dir='ltr'><strong>imilict&#39;a</strong></span> <span class='ocrx_word' id='word_1_285' title='bbox 866 2919 909 2963; x_wconf 88' lang='lat' dir='ltr'><strong>L.</strong></span> 
     </span>
    </p>
   </div>
  </div>
 </body>
</html>
