1867 3215
180 93 246 138 64

292 219 385 259 obs.
445 219 591 259 Planta
629 216 931 263 memorabilis,
972 228 996 256 a
1025 215 1075 255 cl.
1105 215 1320 256 Linnaeo
1352 216 1454 254 satis
1484 216 1589 256 bene
1621 215 1825 271 descripta

178 285 251 325 sed
281 299 421 339 parum
452 290 561 331 nota,
594 297 618 323 a
649 282 904 323 ctflaenke
935 286 976 322 ut
1007 282 1159 323 videtur
1193 285 1232 324 in
1257 284 1428 323 Peruvia
1458 288 1623 335 reperta
1653 284 1709 331 (si
1740 285 1826 337 qui-

177 352 266 391 dem
308 352 446 405 planta
482 352 706 404 peruviana
743 363 887 389 revere
919 349 1061 389 eadem
1102 355 1181 395 est)
1223 364 1340 403 quam
1382 350 1429 388 ob
1465 362 1626 388 causam
1659 350 1707 388 cl.
1741 350 1826 390 De*-

179 418 495 457 Candollius
529 418 705 466 dubitat,
738 419 833 470 quin
865 419 904 456 in
935 417 1132 469 Hispania
1163 423 1203 456 et
1236 417 1472 462 Lusitania,
1504 418 1570 456 ubi
1602 418 1823 456 secundum

177 483 441 523 Linnaeum
473 486 682 538 provenit,
714 487 881 523 crescat.
917 506 963 511 —-
997 483 1128 522 Radix
1157 482 1384 523 fusiformis
1416 483 1551 522 albida
1580 481 1751 537 figuram
1782 488 1822 523 et

177 565 364 605 saporem
395 551 544 591 radicis
577 550 625 591 P.
657 554 783 589 sativi
812 551 1038 600 aemulans,
1071 551 1288 607 secundum
1321 550 1428 589 Dec.
1464 551 1626 591 bienne.
1687 551 1824 590 Caulis

177 622 344 659 strictus
387 618 707 672 1—2-pedalis
747 617 954 657 flexuosus
993 618 1290 671 obtusangulus
1322 618 1493 656 striatus
1524 616 1675 656 farctus
1707 617 1822 656 valde

177 699 388 735 ramosus,
431 688 556 725 ramis
586 687 759 733 erectis,
800 686 970 723 summis
1009 686 1210 737 oppositis
1243 685 1397 723 caulem
1430 684 1607 723 umbella
1638 686 1825 724 termina-

180 757 263 792 tum
297 754 596 806 superantibus.
655 752 772 792 Folia
809 751 1004 790 radicalia
1034 757 1075 789 et
1105 750 1298 790 inferiora
1331 752 1507 790 breviter
1538 752 1732 804 petiolata
1761 765 1826 791 su·

178 822 338 873 periora
369 821 547 866 sessilia,
580 821 715 859 omnia
747 820 895 873 vagina
926 819 1316 870 semiamplexicauli
1347 820 1448 856 satis
1480 818 1613 870 ampla
1635 819 1826 872 margini-

178 888 254 926 bus
285 888 367 927 late
399 888 490 927 albo
514 887 823 926 membranacea
841 887 1078 931 (scariosam
1098 898 1187 923 eam
1211 897 1420 937 perperam
1441 890 1557 922 vocat
1575 885 1824 941 Lagasca)

179 956 398 1003 instructa3
438 954 630 994 radicalia
661 958 700 992 et
730 953 892 992 caulina
923 952 1115 990 inferiora
1146 951 1605 1003 tertiato-decomposita
1635 964 1823 1005 segmen-

177 1023 229 1060 tis
274 1022 482 1074 petiolatis
526 1024 697 1060 cuneato
721 1021 853 1058 ovatis
899 1019 963 1058 vel
1009 1018 1213 1057 rliombeis
1258 1019 1492 1069 tripartitiS‚
1539 1019 1824 1069 partitionibus

177 1086 322 1128 trifidis
364 1090 428 1128 vel
475 1088 752 1142 irregulariter
798 1087 964 1131 incisis,
1008 1086 1169 1125 laciniis
1198 1085 1452 1124 lanceolatis
1496 1085 1823 1133 mucronulatis3

175 1155 310 1195 media
351 1161 391 1195 et
430 1158 642 1208 superiora
675 1155 982 1192 biternatisecta
1012 1155 1240 1206 segmentis
1270 1152 1413 1190 mediis
1444 1151 1680 1204 plerumque
1711 1151 1822 1190 elon-

175 1222 535 1276 gato-lanceolatis
566 1222 763 1273 integriS,
805 1220 1042 1258 lateralibus
1074 1220 1252 1258 trisectis
1285 1219 1348 1257 vel
1380 1219 1616 1270 tripartitis,
1659 1219 1820 1257 laciniis

176 1290 441 1337 lan‹·eolatis;
483 1301 641 1327 summa
672 1288 936 1326 ternatisecta
966 1287 1194 1340 segmentis
1223 1285 1628 1325 lineari-lanceolatis
1658 1286 1821 1325 lineari-

177 1356 463 1409 elongatisque
493 1356 558 1394 vel
588 1354 791 1407 simplicia
823 1358 1058 1407 (segmento
1079 1354 1196 1393 unico
1215 1353 1359 1392 lineari
1381 1353 1570 1406 elongato
1589 1354 1821 1398 instructa.)

176 1423 388 1462 Umbellae
428 1435 671 1461 numerosae
703 1421 824 1475 longe
857 1420 1151 1472 peduncnlatae
1181 1420 1359 1459 umbella
1390 1420 1544 1459 caulem
1578 1422 1819 1459 terminante

175 1494 347 1542 excepta
377 1487 706 1542 oppositifoliae‚
750 1501 892 1527 omnes
924 1489 1052 1527 multi·
1084 1490 1300 1534 (12—1S-)
1328 1487 1523 1535 radiatae,
1554 1486 1680 1526 radiis
1710 1488 1820 1526 inae-

176 1556 363 1609 qualibus
393 1556 480 1594 basi
512 1555 692 1595 dilatatis
724 1556 910 1607 utrinque
940 1558 1114 1608 anguste
1144 1543 1735 1609 membranaceowarginatisf
1758 1553 1821 1593 ln-

173 1623 379 1662 volucrum
412 1622 704 1676 oligophyllum
736 1621 885 1676 phyllis
915 1621 1306 1671 lineari-subulatis,
1346 1635 1473 1675 saepe
1503 1621 1671 1662 nullum.
1703 1620 1821 1661 Invo-

176 1689 413 1729 lucellorum
447 1689 582 1742 pbylla
616 1689 861 1729 umbellulas
895 1688 1136 1728 multifloras
1167 1689 1465 1742 subaequantia
1495 1689 1820 1728 lineari-lanceo-

172 1757 254 1795 lata
285 1754 514 1796 acuminata
544 1758 728 1812 margine
745 1756 1180 1795 albo-membranacea.
1216 1755 1360 1795 Flores
1379 1756 1555 1795 breviter
1573 1755 1816 1807 pedicellati.

173 1823 314 1863 Petala
355 1825 562 1864 incurvata
599 1825 640 1863 in
679 1823 894 1863 lacinulam
937 1822 1124 1862 inflexam
1165 1827 1369 1862 coarctata
1400 1824 1458 1862 ita
1487 1826 1529 1862 ut
1559 1823 1813 1876 emarginata

174 1896 409 1943 appareant.
471 1878 657 1930 Stamina
687 1894 864 1937 exserta,
897 1889 1076 1928 antheris
1107 1889 1299 1942 ellipticis
1330 1889 1645 1929 albescentibus.
1694 1887 1815 1928 Fruc-

174 1962 238 1996 tus
269 1962 386 1996 ovato
409 1958 623 2012 oblongus,
654 1957 774 2009 stylis
806 1956 1113 2010 divergentibus
1144 1956 1374 2009 stylopodio
1408 1957 1671 2011 longioribus.
1711 1955 1816 1994 Tota

169 2024 312 2076 planta
337 2025 594 2078 glaberrima,
624 2023 1035 2076 flavescenti-viridis.
1094 2023 1211 2062 Folia
1228 2025 1439 2074 superiora
1456 2037 1581 2076 saepe
1598 2023 1815 2062 rubescen-

171 2092 238 2130 tia.
300 2091 439 2130 Petala
473 2091 751 2140 flavescentia,
782 2095 824 2130 ut
850 2092 934 2143 jam
966 2089 1061 2129 dicit
1084 2088 1347 2139 Linnaeus‚
1379 2103 1458 2129 non
1491 2091 1598 2140 alba,
1628 2095 1671 2130 ut
1699 2087 1817 2128 affert

172 2158 591 2198 DeCandollius.

283 2226 315 2264 A
345 2223 394 2264 P.
425 2229 573 2273 sativo,
605 2225 669 2265 cui
700 2224 750 2264 ob
780 2221 967 2278 figuram,
999 2221 1161 2263 odorem
1192 2236 1461 2277 saporemque
1493 2223 1679 2262 foliorum
1714 2220 1814 2261 infe-

174 2292 322 2330 riorum
356 2292 471 2331 valde
503 2290 661 2341 affinis,
705 2293 922 2344 praecipue
964 2292 1124 2344 vaginis
1156 2291 1301 2344 amplis
1334 2292 1414 2330 late
1445 2292 1534 2330 albo
1558 2291 1815 2344 marginatis,

174 2356 281 2396 foliis
314 2358 604 2411 polymorpliis,
637 2359 762 2397 radiis
795 2358 881 2396 basi
914 2357 1095 2397 dilatatis
1125 2359 1696 2411 membranaceo-marginatis
1715 2361 1813 2396 toto-

174 2438 250 2476 que
283 2424 419 2464 habitu
452 2426 555 2465 bene
586 2425 818 2465 distinctum
852 2428 926 2464 est.

889 2490 1093 2531 Scamnae.

282 2562 374 2599 430.
436 2557 504 2597 Sc.
534 2559 784 2607 pintealislda
816 2560 924 2598 Ven
939 2563 965 2598 t.
1009 2558 1115 2598 Dec,
1149 2558 1210 2597 Pr.
1245 2556 1311 2596 lv.
1346 2571 1382 2610 p.
1417 2560 1508 2597 221.
1570 2556 1717 2596 Forma
1746 2570 1813 2611 ge·
1843 2576 1848 2578 ἡ

172 2626 308 2665 nuina.
342 2625 400 2665 cf.
434 2625 590 2664 Cosson
622 2630 702 2664 not.
736 2639 767 2664 s.
800 2639 863 2678 qu.
899 2627 952 2678 pl.
988 2638 1104 2666 nouv.
1138 2626 1224 2663 crit.
1258 2624 1308 2662 ‹lu
1340 2623 1434 2663 midi
1466 2622 1657 2676 ‹lel'Esp.
1694 2626 1809 2664 1849.

172 2706 206 2743 p.
242 2694 304 2732 38.
339 2717 390 2722 —
423 2692 479 2731 ΡΙ.
513 2705 595 2730 ew.
631 2692 707 2730 coll
754 2706 842 2730 ven.
878 2707 914 2730 n.
948 2696 1040 2733 233.

283 2758 325 2796 ln
358 2759 568 2812 segetibus
599 2771 723 2810 prope
754 2771 900 2811 pagum
934 2760 1058 2799 Olave
1089 2760 1128 2797 in
1161 2758 1339 2798 Navarra
1369 2758 1470 2796 satis
1501 2756 1680 2808 copiose.
1739 2755 1810 2794 Ju-

171 2825 237 2864 nio
267 2838 300 2864 c.
335 2824 380 2863 fr.
