1867 3215
156 86 253 132 160

155 211 196 250 in
226 209 360 251 adnot.
395 210 443 250 ad
474 211 600 250 Aven.
632 209 897 250 albinervem.
939 234 993 243 --
1037 211 1096 254 Pl.
1137 225 1222 252 exs.
1262 213 1352 252 coll.
1395 225 1486 252 ven.
1528 225 1565 252 n.
1596 216 1673 254 421
1717 211 1797 254 sub

154 279 317 317 nomine
349 277 392 316 Α.
426 290 686 330 compressae
717 275 850 317 Heuff.

263 345 404 384 Sierra
431 343 481 384 de
510 343 713 397 Moncayo
742 345 783 383 in
813 343 1020 397 glareosis
1049 344 1124 384 sub
1155 344 1332 385 dumetis
1354 345 1544 399 Juniperi
1574 347 1800 387 communis

153 423 276 464 supra
305 412 581 450 sanctuarium
612 410 662 450 ad
692 410 760 450 alt.
794 425 826 450 c.
859 414 995 453 4000‘.
1028 412 1141 452 Julio
1183 427 1215 454 c.
1247 413 1333 451 flor.

266 477 359 517 obs.
390 477 518 517 Valde
541 483 582 518 et
610 477 785 517 fortasse
802 479 925 517 nimis
942 477 1079 519 affinis
1097 479 1525 527 Amminervissoiss„
1543 481 1609 534 qui
1626 479 1802 534 descrip-
1851 482 1867 490 ‘

152 547 263 586 tione
293 550 334 586 et
363 547 481 586 icone
510 559 534 586 a
558 546 698 600 specie
720 545 890 598 Gayana
914 559 995 586 non
1023 545 1156 586 differt
1181 549 1259 586 nisi
1285 547 1454 600 spiculis
1470 546 1710 588 4—7-floris
1737 549 1797 597 (in

152 617 291 653 nostra
307 616 542 652 constanter
564 612 741 659 4-floris)
758 636 809 643 —-
838 613 955 653 valva
980 616 1181 654 exteriore
1207 613 1299 653 inde
1327 627 1350 653 a
1377 613 1465 652 basi
1491 627 1621 667 usque
1646 613 1695 655 ad
1714 626 1798 654 me-

151 680 258 720 dium
281 683 510 719 tomentosa
527 681 630 720 laevi
657 681 714 726 (in
744 684 884 719 nostra
910 680 1154 734 glaberrima
1171 681 1380 735 eleganter
1397 680 1571 726 sulcata)
1595 686 1636 719 et
1660 680 1796 720 rhachi

151 748 286 788 minus
307 752 347 786 et
367 747 530 787 brevius
547 747 691 801 piloso.
722 748 896 787 Habitus
913 750 1125 799 utriusque
1141 748 1305 800 plantae
1320 748 1483 786 omnino
1501 746 1621 796 idem,
1642 746 1740 786 folia
1755 748 1795 786 in

151 818 320 867 utraque
338 814 459 868 plana
483 815 690 854 subtiliter
713 816 858 855 striata
882 812 1022 870 glabra
1045 817 1228 870 margine
1244 820 1285 854 et
1301 814 1433 854 medio
1453 815 1664 870 eleganter
1697 816 1796 854 albi-

151 884 304 932 nervia,
321 885 525 921 structura
543 883 788 936 spicularum
808 886 848 921 et
863 881 1006 921 florum
1026 882 1145 934 plane
1162 881 1316 922 eadem.
1348 881 1614 930 Quamobrem
1631 880 1681 919 A.
1695 883 1796 922 albi-

150 961 318 988 vzervem
334 949 383 989 ad
396 949 446 988 A.
468 951 672 988 sulcatam
689 962 777 989 cum
799 951 962 989 nomine
978 948 1029 987 A.
1046 951 1235 988 sulcatae
1252 961 1333 987 var.
1355 950 1555 987 australis
1575 947 1796 988 ducendam

153 1030 251 1057 esse
284 1030 478 1070 propono.
537 1016 630 1058 Jam
662 1017 710 1056 cl.
729 1016 973 1056 Boissier
1002 1018 1092 1069 ipse
1122 1017 1147 1057 l.
1166 1031 1198 1056 c.
1230 1016 1408 1068 plantam
1438 1028 1551 1054 suam
1583 1015 1799 1068 probabili-

151 1088 213 1123 ter
243 1084 299 1123 nil
340 1085 419 1123 nisi
450 1085 687 1123 varietatem
719 1085 874 1136 speciei
906 1084 1102 1136 Gayanae
1133 1097 1228 1123 esse
1259 1084 1476 1122 existimat.
1520 1105 1569 1109 ---
1611 1083 1658 1121 Α.
1692 1094 1795 1122 com-

145 1163 293 1202 pressa
322 1151 507 1200 Heusfi,
539 1153 695 1206 speciei
727 1150 922 1203 Gayanae
951 1155 1034 1190 tum
1063 1149 1202 1190 habitu
1233 1155 1316 1189 tum
1347 1148 1534 1189 foliorum
1570 1147 1794 1202 florumque

147 1223 350 1259 structura
381 1219 498 1258 valde
529 1217 690 1268 affinis,
722 1217 856 1257 differt
887 1218 936 1256 ab
968 1231 1018 1257 ea
1048 1218 1218 1271 spiculis
1248 1215 1536 1265 subsexfloris,
1579 1216 1698 1256 valva
1726 1230 1794 1256 ex-

149 1287 300 1326 teriore
331 1286 528 1339 puberula
558 1300 634 1325 nec
665 1285 923 1340 glaberrima.
957 1285 1189 1325 multinervi
1219 1297 1293 1324 nec
1325 1283 1504 1329 sulcata,
1542 1283 1690 1337 glumis
1736 1285 1793 1322 in-

146 1354 402 1407 aequalibus,
435 1353 544 1392 foliis
576 1353 843 1393 brevioribus.
904 1351 1019 1391 Folia
1050 1353 1090 1391 in
1131 1351 1204 1392 hac
1245 1352 1366 1392 etiam
1405 1350 1544 1404 specie
1586 1363 1635 1389 ex
1677 1351 1794 1389 icone

146 1420 308 1474 quidem
339 1421 576 1461 albinervia.
635 1420 829 1460 Fortasse
863 1422 902 1457 et
942 1417 991 1459 A.
1033 1417 1270 1469 compressa
1310 1417 1358 1457 ad
1399 1417 1449 1456 A.
1489 1418 1693 1456 sulcatam
1731 1430 1793 1458 re-

148 1487 315 1528 ferenda
347 1488 435 1527 erit.
497 1487 556 1529 ef.
589 1485 798 1527 Reichb.
829 1485 883 1525 lc.
914 1484 976 1524 ΡΙ.
1005 1498 1130 1540 germ.
1165 1486 1194 1525 Ι.
1227 1484 1252 1526 f.
1284 1488 1377 1525 210.

260 1557 378 1596 1081.
437 1554 487 1596 A.
515 1555 727 1605 pratensis
756 1551 803 1592 L.
834 1551 963 1594 Rcbb.
1004 1551 1058 1592 lc.
1094 1553 1117 1593 l.
1151 1567 1183 1593 c.
1215 1551 1243 1591 f.
1274 1555 1369 1593 207.
1401 1575 1453 1582 -—
1493 1550 1552 1592 ΡΙ.
1584 1565 1668 1592 exs.
1701 1550 1791 1591 coll.

147 1634 237 1662 ven.
258 1636 308 1729 ¹¹:¹-
336 1625 582 1744 {sannone
612 1687 688 1728 sub
719 1686 896 1728 dumetis
927 1685 1090 1727 vallium
1124 1686 1230 1726 inter
1258 1685 1405 1726 fluvios
1436 1686 1598 1739 Aragon
1629 1691 1671 1724 et
1699 1683 1793 1724 Gal-

142 1756 236 1812 lego
266 1758 307 1797 in
338 1757 543 1812 Aragonia
571 1755 782 1810 superiore
812 1754 979 1808 passim.
1010 1752 1095 1794 Jul.
1128 1766 1161 1793 c.
1191 1751 1278 1792 flor.

773 1820 1145 1860 Arrhenatherum.

258 1894 375 1934 1082.
436 1890 487 1932 A.
514 1893 674 1940 pallens
702 1887 781 1931 Lk.
813 1901 896 1928 var.
929 1889 1229 1927 cantabricum.
1271 1887 1479 1936 Perenne,
1525 1884 1713 1939 bipedale
1750 1890 1791 1924 et

146 1958 266 2009 ultra,
297 1958 433 1999 radice
463 1957 627 2004 fibrosa,
659 1955 914 2005 stolonifera,
946 1953 1173 1994 stolonibus
1205 1955 1353 1993 erectis
1381 1954 1556 2001 strictis3
1589 1951 1700 1992 soliis
1729 1965 1792 1992 ra-

142 2027 342 2067 dicalibus
373 2026 598 2080 pedalibus,
629 2024 798 2064 culmeis
829 2023 960 2062 tribus
991 2019 1245 2075 longitudine
1275 2019 1609 2060 decrescentibus
1640 2019 1791 2073 longis-

145 2095 248 2134 sime
278 2095 507 2147 vaginatis,
562 2091 749 2132 omnibus
780 2089 1033 2137 convolutis;
1079 2089 1228 2141 vagina
1274 2086 1586 2140 stolonibusque
1614 2086 1792 2126 molliter

142 2161 485 2215 pubescentibus;
548 2159 674 2213 ligula
720 2156 829 2196 brevi
869 2159 1055 2196 truncata
1095 2151 1242 2202 bifida3
1303 2154 1435 2194 culmo
1464 2152 1634 2201 trinodi,
1673 2152 1790 2192 nodis

145 2228 290 2268 villoso
322 2233 500 2269 ceterum
531 2226 696 2281 glabr03
732 2222 922 2276 panicula
950 2222 1043 2262 laxa
1072 2225 1291 2266 contracta,
1322 2220 1493 2274 spiculis
1515 2219 1670 2260 bifloris
1700 2232 1788 2260 cum

143 2295 369 2335 rudimento
400 2294 512 2333 floris
545 2292 654 2332 tertii
686 2289 958 2342 pedicellatis,
988 2286 1186 2341 pedicello
1218 2287 1374 2341 spicula
1406 2287 1591 2341 longiore
1619 2286 1786 2333 scabr03

144 2361 245 2403 flore
275 2367 446 2415 utroque
477 2356 806 2411 hermaphrodito
837 2355 902 2396 vel
932 2354 1136 2403 femineo3
1179 2354 1330 2408 glumis
1360 2353 1661 2395 navicularibus
1691 2353 1791 2392 cari-

145 2431 254 2470 natis
300 2441 424 2469 nervo
455 2425 588 2467 medio
630 2429 869 2465 excurrente
913 2422 1160 2464 mucronatis
1201 2421 1457 2475 glaberrimis
1495 2419 1793 2472 inaequalibus,

145 2495 339 2537 inferiore
370 2495 555 2535 breviore
585 2492 819 2537 uninervia,
863 2490 993 2530 altera
1032 2489 1217 2543 longiore
1263 2488 1475 2536 trinervia3
1517 2486 1633 2526 valva
1676 2484 1788 2524 floris

145 2562 350 2602 inferioris
382 2562 584 2602 exteriore
615 2558 799 2599 involuta
829 2557 1097 2610 cartilaginea
1127 2556 1214 2595 basi
1233 2555 1399 2595 barbata
1415 2558 1593 2593 ceterum
1610 2554 1786 2592 sericeo·

145 2629 395 2683 pubescente
435 2632 554 2668 acuta
593 2627 711 2680 apice
752 2622 873 2664 bifida
904 2623 1036 2664 medio
1076 2621 1195 2662 dorso
1242 2622 1369 2660 arista
1411 2619 1645 2674 geniculata
1687 2617 1786 2657 flore

143 2696 264 2751 duplo
295 2696 482 2750 longiore
513 2696 725 2739 instructa,
760 2691 876 2731 valva
907 2691 1100 2730 interiore
1131 2687 1295 2740 hyalina
1324 2688 1439 2741 apice
1465 2686 1640 2727 breviter
1663 2682 1786 2725 bifida

142 2764 327 2818 margine
358 2762 558 2808 ciliolata3
605 2758 704 2799 flore
735 2758 947 2809 superiore
977 2758 1154 2804 minore,
1199 2753 1318 2793 valva
1348 2753 1550 2792 exteriore
1579 2755 1698 2792 acuta
1728 2751 1783 2797 in-

145 2835 284 2884 tegra3
329 2826 510 2867 antheri·
543 2826 703 2880 magnis
733 2823 958 2877 spadiceis,
990 2819 1249 2875 stigmatibus
1288 2816 1783 2872 fibrilloso·penicillati9.

143 2894 386 2941 -fllumae
415 2890 528 2935 dorsi
557 2892 646 2936 bui
671 2889 822 2937 viride·
839 2893 1017 2932 ceterum
1033 2885 1183 2941 pallide
1199 2885 1448 2928 stramineae
1463 2885 1658 2935 nitentes,
1676 2880 1783 2924 flori-
