1867 3215
1682 97 1749 142 99

763 220 1078 264 Erioaoeae.

818 286 1018 330 Arbacus.

205 357 298 397 636.
359 355 408 396 A.
444 353 586 395 Unedo
614 354 657 394 11.
690 373 741 382 -
770 353 830 394 Pl.
863 368 949 395 exs.
980 355 1071 396 coll.
1104 367 1195 396 ven.
1227 367 1266 396 n.
1299 357 1364 396 99.

210 420 256 460 ln
297 421 404 462 valle
442 423 548 462 inter
579 422 861 462 So‘morrostro
900 425 941 461 et
970 423 1175 475 Sopuerta
1203 423 1248 462 iu
1279 421 1469 473 Vizcaya,
1502 417 1679 460 abundat
1708 419 1749 458 in

103 487 308 528 montibus
339 489 444 529 inter
472 488 676 543 Sopuerta
707 491 747 527 et
778 487 1142 530 Castro-Urdiales.
1174 487 1285 542 Majo
1316 501 1350 528 c.
1382 487 1498 528 fruct.
1519 489 1672 526 immet.
1704 484 1750 524 In

102 555 308 607 quercetis
337 554 656 596 Extremadurae
687 555 913 609 superioris
942 556 1047 596 inter
1077 554 1335 596 Navalmoral
1366 557 1406 594 et
1435 553 1670 594 Plasencia..

739 621 1094 675 Arctoataphylos.

207 691 300 733 637,
360 687 410 728 A.
442 700 526 728 uva
555 689 649 728 ursi
677 689 784 743 Spr.

210 754 256 795 In
297 756 472 796 collibus
510 754 692 796 dumosis
732 756 773 794 in
813 755 920 794 valle
958 755 1071 796 fluvii
1102 756 1288 810 Aragon,
1329 753 1379 794 ad
1409 754 1569 795 radices
1598 754 1750 794 montis

103 822 214 862 Pena
244 822 295 862 de
327 822 448 863 Oroel
478 827 519 862 et
548 822 643 862 alibi
675 823 715 862 in
745 823 951 876 Aragonia
980 823 1217 876 superiore,
1256 820 1306 861 ad
1337 820 1497 861 radices
1527 821 1750 861 orientales

100 889 250 928 montis
279 887 481 942 Moncayo
512 889 811 942 copiosissime.
845 889 986 939 sunio,
1017 888 1130 930 Julio
1161 903 1193 928 c.
1225 888 1342 928 fruct.
1375 889 1529 928 immat.

825 955 1016 997 Cartana.
1306 966 1309 967 ⁷

209 1025 300 1064 638.
366 1022 409 1064 0.
440 1024 628 1074 vulyaris
656 1022 850 1063 Salisb.
884 1046 933 1054 —
966 1022 1025 1063 Pl.
1059 1035 1142 1062 exs.
1174 1021 1265 1062 coll.
1297 1034 1388 1063 ven.
1418 1034 1456 1063 n.
1489 1022 1580 1063 546.

207 1089 253 1129 In
294 1089 498 1130 montibus
538 1089 783 1130 cantabricis
824 1088 916 1130 binc
956 1088 1074 1139 inde,
1117 1101 1197 1129 non
1237 1087 1432 1143 frequens
1470 1092 1523 1135 (v.
1556 1101 1588 1127 c.
1621 1099 1748 1142 prope

97 1156 338 1212 Sopuerta),
370 1158 410 1197 in
443 1156 623 1197 Castella
651 1169 758 1196 nova
787 1157 828 1196 in
860 1160 990 1197 tractu
1022 1156 1217 1209 Serrania
1246 1155 1296 1196 de
1327 1155 1505 1204 Cuenca,
1538 1155 1579 1194 in
1611 1155 1750 1194 Sierra

36 1250 41 1253 >
97 1223 147 1264 de
177 1224 457 1264 Gnadarrama
488 1225 593 1264 inter
624 1222 782 1264 Chozas
812 1223 862 1264 de
893 1224 932 1263 la
964 1223 1105 1264 Sierra
1134 1227 1175 1263 et
1205 1223 1355 1264 Puerto
1387 1221 1436 1262 de
1466 1222 1506 1262 la
1535 1220 1750 1262 Marcu'era

95 1296 216 1345 atque
254 1293 361 1332 inter
400 1292 691 1332 monasterium
731 1290 769 1330 el
800 1288 950 1331 Paular
990 1295 1031 1330 et
1060 1290 1210 1330 Puerto
1241 1289 1291 1330 de
1321 1286 1562 1338 Reventon3
1602 1289 1644 1328 in
1674 1287 1749 1329 Ex«

96 1358 330 1399 tremadura
361 1360 401 1399 in
435 1360 640 1412 quercetis
671 1359 778 1398 inter
808 1357 920 1398 Toril
950 1361 991 1398 et
1021 1356 1185 1397 fluvium
1217 1356 1359 1397 'l'ietar
1389 1355 1536 1404 (forma
1557 1356 1750 1410 elongata

95 1427 219 1476 elata,
248 1425 419 1467 frutices
449 1428 575 1468 3-41
605 1426 711 1465 altos
742 1425 1031 1472 constituens).
1066 1425 1179 1478 Sept.
1213 1423 1298 1466 Oct.
1331 1437 1364 1463 c.
1397 1422 1483 1463 flor.

207 1491 298 1533 Oba.
360 1492 507 1534 Planta
536 1493 576 1532 in
607 1491 811 1547 Hispania
837 1492 1003 1532 minime
1032 1491 1260 1532 communis
1289 1489 1363 1531 sed
1395 1503 1467 1545 per
1497 1483 1621 1531 totam
1651 1502 1749 1543 pen·

98 1560 274 1602 insulam
306 1561 346 1600 in
375 1561 581 1601 montanis
611 1558 703 1599 hinc
733 1558 829 1600 inde
858 1564 1091 1600 occurrens.

845 1624 991 1667 Erico.

203 1697 296 1737 639.
358 1694 409 1734 Ε.
446 1692 644 1734 Τειναιίιι·
672 1694 715 1734 L.
749 1718 795 1725 --
832 1694 890 1734 Pl.
922 1706 1007 1736 exe.
1041 1692 1132 1734 coll0
1162 1705 1254 1736 ven.
1284 1705 1322 1732 n.
1355 1695 1446 1733 201.

202 1762 312 1802 Inter
352 1761 521 1802 frutices
560 1761 689 1802 Ulicis
729 1773 959 1816 europaeae
999 1761 1040 1801 in
1078 1763 1217 1800 monte
1254 1758 1381 1799 Loma
1425 1757 1474 1798 de
1514 1757 1746 1811 Jaizquivel

95 1841 221 1883 prope
251 1829 363 1870 Yrun
394 1830 434 1868 in
466 1830 670 1869 consortio
702 1827 754 1868 Ε.
789 1830 992 1875 cinereae,
1025 1826 1130 1868 baud
1157 1826 1362 1881 frequens,
1410 1824 1535 1867 Junio
1566 1839 1598 1866 c.
1629 1824 1715 1865 flor.

201 1898 296 1937 640.
357 1895 411 1938 E.
443 1899 607 1935 cinerea
636 1896 678 1936 L.
713 1920 764 1925 -——
796 1896 854 1935 Pl.
889 1909 974 1936 exs.
1008 1895 1098 1936 coll.
1131 1906 1222 1934 ven.
1254 1908 1292 1935 n.
1323 1894 1389 1934 76.

203 1962 388 2002 Abundat
418 1963 458 2002 in
489 1962 696 2003 montibus
725 1962 972 2002 cantabricis
1004 1961 1098 2002 inde
1128 1975 1151 2002 a
1186 1961 1356 2015 regione
1387 1960 1588 1999 maritima
1614 1971 1745 2012 usque

93 2029 142 2070 ad
173 2031 299 2071 2500‘
330 2033 370 2069 et
402 2029 539 2080 altius,
570 2028 679 2086 Majo
708 2029 800 2070 hinc
830 2029 924 2069 inde
956 2043 988 2072 c.
1021 2028 1107 2069 flor.
1141 2028 1322 2069 Occurrit
1353 2027 1477 2066 etiam
1505 2026 1547 2065 in
1564 2024 1745 2066 Navarra

92 2100 133 2137 et
163 2097 368 2153 Aragonia
396 2098 621 2150 superiore.

200 2167 293 2204 641.
353 2162 406 2203 E.
440 2165 644 2204 australis
671 2164 713 2204 L.
759 2163 868 2204 Dec.
911 2163 974 2204 Pr.
1015 2162 1103 2204 Vll.
1145 2176 1182 2217 p.
1222 2163 1315 2204 666·
1357 2186 1409 2193 s·—
1440 2160 1499 2203 Pl.
1531 2173 1616 2200 exs.
1650 2159 1741 2200 coll.

91 2243 181 2271 ven.
212 2245 251 2273 n.
281 2233 374 2273 420.

204 2297 344 2338 Sierra
382 2298 433 2339 de
464 2297 666 2352 Moncayo
708 2299 749 2337 in
790 2301 905 2351 parte
946 2298 1158 2350 superiore
1186 2297 1226 2337 in
1258 2297 1386 2337 latere
1415 2295 1662 2351 aragonensi
1692 2294 1742 2334 ad

90 2365 157 2405 alt.
191 2366 331 2413 3000‘‚
363 2365 526 2405 dumeta
554 2365 770 2419 tripedalia
802 2364 992 2404 formans.
1023 2364 1136 2405 Julio
1166 2379 1197 2407 c.
1230 2365 1315 2406 flor.

202 2431 297 2471 Oba.
357 2432 477 2473 Mons
520 2431 721 2485 Moncayo
764 2433 856 2471 sine
886 2431 1006 2472 dubio
1039 2433 1238 2480 terminus
1269 2436 1333 2472 est
1363 2433 1537 2472 maxime
1566 2431 1740 2471 orienta¹

92 2499 145 2538 lis
176 2503 218 2539 et
247 2500 426 2540 borealis
456 2502 514 2548 (in
545 2499 764 2554 peninsula
792 2499 937 2539 saltem
968 2500 1209 2553 pyrenaica)
1240 2500 1394 2553 speciei
1425 2498 1545 2554 hujus
1561 2497 1745 2552 pulcher-

88 2577 228 2606 rimae.

200 2636 293 2674 642.
353 2632 405 2672 E.
435 2635 659 2684 multiflora
694 2632 737 2672 11.
770 2632 879 2672 Dec.
912 2632 938 2673 l.
974 2646 1006 2675 c.
1039 2647 1076 2686 p.
1112 2634 1206 2675 667.
1238 2655 1291 2664 --
1320 2633 1380 2673 Pl.
1415 2645 1500 2672 exs.
1534 2631 1624 2672 coll.
1650 2644 1739 2672 ven.

87 2712 126 2739 n.
157 2702 251 2740 401.

200 2766 342 2806 Sierra
370 2766 420 2807 de
441 2765 644 2820 Moncayo
675 2768 715 2807 in
748 2768 956 2820 quercetis
986 2767 1128 2807 lateris
1158 2767 1430 2823 aragonensis
1460 2764 1555 2806 inde
1584 2776 1608 2804 a
1636 2762 1741 2804 radi·
1774 2772 1787 2777 ”

91 2832 206 2872 cibus
237 2846 367 2887 usque
398 2833 448 2874 ad
477 2834 547 2873 alt.
579 2836 671 2875 circ.
706 2835 832 2875 1500‘
861 2834 965 2874 satis
998 2830 1179 2889 copiose.
1239 2833 1323 2877 Jul.
1352 2847 1384 2873 c.
1417 2831 1502 2873 flor.
1553 2830 1742 2873 Abundat

89 2900 131 2939 in
162 2899 335 2940 collibus
366 2899 623 2950 Cantabriae,
654 2899 727 2941 sed
758 2913 901 2942 mense
931 2900 1041 2956 Maj0
1072 2902 1249 2944 nondum
1281 2901 1430 2941 floruit.
1666 2900 1668 2902 ’

1440 2976 1503 3011 13·
