<?xml version="1.0" encoding="UTF-8"?>
<!DOCTYPE html PUBLIC "-//W3C//DTD XHTML 1.0 Transitional//EN"
    "http://www.w3.org/TR/xhtml1/DTD/xhtml1-transitional.dtd">
<html xmlns="http://www.w3.org/1999/xhtml" xml:lang="en" lang="en">
 <head>
  <title>
</title>
<meta http-equiv="Content-Type" content="text/html;charset=utf-8" />
  <meta name='ocr-system' content='tesseract 3.04.00' />
  <meta name='ocr-capabilities' content='ocr_page ocr_carea ocr_par ocr_line ocrx_word'/>
</head>
<body>
  <div class='ocr_page' id='page_1' title='image "./sertumfloraehisp00will_0033.png"; bbox 0 0 1867 3215; ppageno 0'>
   <div class='ocr_carea' id='block_1_1' title="bbox 6 96 1726 1080">
    <p class='ocr_par' dir='ltr' id='par_1_1' title="bbox 6 96 1726 1080">
     <span class='ocr_line' id='line_1_1' title="bbox 1652 96 1717 141; baseline 0 0"><span class='ocrx_word' id='word_1_1' title='bbox 1652 96 1717 141; x_wconf 85' lang='lat'>25</span> 
     </span>
     <span class='ocr_line' id='line_1_2' title="bbox 64 220 1716 276; baseline -0.001 -12"><span class='ocrx_word' id='word_1_2' title='bbox 64 221 227 264; x_wconf 83' lang='grc' dir='ltr'>2--4”Ι</span> <span class='ocrx_word' id='word_1_3' title='bbox 257 221 352 269; x_wconf 84' lang='lat' dir='ltr'>lata,</span> <span class='ocrx_word' id='word_1_4' title='bbox 384 232 542 261; x_wconf 85' lang='lat' dir='ltr'>summa</span> <span class='ocrx_word' id='word_1_5' title='bbox 571 220 758 261; x_wconf 87' lang='lat' dir='ltr'>breviora</span> <span class='ocrx_word' id='word_1_6' title='bbox 790 224 830 260; x_wconf 89' lang='lat' dir='ltr'>et</span> <span class='ocrx_word' id='word_1_7' title='bbox 860 221 1111 276; x_wconf 84' lang='lat' dir='ltr'>angustiora.</span> <span class='ocrx_word' id='word_1_8' title='bbox 1175 220 1324 268; x_wconf 83' lang='lat' dir='ltr'>Caules</span> <span class='ocrx_word' id='word_1_9' title='bbox 1349 220 1716 273; x_wconf 85' lang='lat' dir='ltr'>2—5·pollieares‚</span> 
     </span>
     <span class='ocr_line' id='line_1_3' title="bbox 69 287 1723 344; baseline 0.001 -16"><span class='ocrx_word' id='word_1_10' title='bbox 69 287 229 328; x_wconf 87' lang='lat' dir='ltr'>inferne</span> <span class='ocrx_word' id='word_1_11' title='bbox 272 288 534 341; x_wconf 83' lang='lat' dir='ltr'>tetraquetri,</span> <span class='ocrx_word' id='word_1_12' title='bbox 565 288 737 337; x_wconf 79' lang='lat' dir='ltr'>sulcati,</span> <span class='ocrx_word' id='word_1_13' title='bbox 770 289 865 327; x_wconf 76' lang='lat' dir='ltr'>laete</span> <span class='ocrx_word' id='word_1_14' title='bbox 897 288 1059 331; x_wconf 79' lang='lat' dir='ltr'>virides.</span> <span class='ocrx_word' id='word_1_15' title='bbox 1119 289 1216 329; x_wconf 87' lang='lat' dir='ltr'>Flos</span> <span class='ocrx_word' id='word_1_16' title='bbox 1248 290 1288 327; x_wconf 94' lang='lat' dir='ltr'>in</span> <span class='ocrx_word' id='word_1_17' title='bbox 1320 287 1566 328; x_wconf 82' lang='lat' dir='ltr'>dichotomia</span> <span class='ocrx_word' id='word_1_18' title='bbox 1596 289 1723 344; x_wconf 86' lang='lat' dir='ltr'>longe</span> 
     </span>
     <span class='ocr_line' id='line_1_4' title="bbox 6 353 1723 412; baseline 0 -17"><span class='ocrx_word' id='word_1_19' title='bbox 6 407 14 412; x_wconf 73' lang='lat'><strong>.</strong></span> <span class='ocrx_word' id='word_1_20' title='bbox 67 355 380 409; x_wconf 87' lang='lat' dir='ltr'>pedunculatus,</span> <span class='ocrx_word' id='word_1_21' title='bbox 416 354 642 408; x_wconf 84' lang='lat' dir='ltr'>pedunculo</span> <span class='ocrx_word' id='word_1_22' title='bbox 674 354 779 394; x_wconf 85' lang='lat' dir='ltr'>nudo</span> <span class='ocrx_word' id='word_1_23' title='bbox 810 353 991 395; x_wconf 88' lang='lat' dir='ltr'>filiformi</span> <span class='ocrx_word' id='word_1_24' title='bbox 1023 359 1174 395; x_wconf 83' lang='lat' dir='ltr'>erecto.</span> <span class='ocrx_word' id='word_1_25' title='bbox 1237 355 1381 395; x_wconf 88' lang='lat' dir='ltr'>Flores</span> <span class='ocrx_word' id='word_1_26' title='bbox 1407 354 1601 395; x_wconf 75' lang='lat' dir='ltr'><strong>laterales</strong></span> <span class='ocrx_word' id='word_1_27' title='bbox 1632 355 1723 395; x_wconf 89' lang='lat' dir='ltr'>bre-</span> 
     </span>
     <span class='ocr_line' id='line_1_5' title="bbox 66 418 1723 476; baseline 0 -14"><span class='ocrx_word' id='word_1_28' title='bbox 66 424 156 462; x_wconf 90' lang='lat' dir='ltr'>vius</span> <span class='ocrx_word' id='word_1_29' title='bbox 188 422 463 476; x_wconf 86' lang='lat' dir='ltr'>pedunculati,</span> <span class='ocrx_word' id='word_1_30' title='bbox 495 418 739 475; x_wconf 83' lang='lat' dir='ltr'>pedunculis</span> <span class='ocrx_word' id='word_1_31' title='bbox 772 422 845 460; x_wconf 84' lang='lat' dir='ltr'>sub&#39;</span> <span class='ocrx_word' id='word_1_32' title='bbox 878 421 976 461; x_wconf 85' lang='lat' dir='ltr'>flore</span> <span class='ocrx_word' id='word_1_33' title='bbox 994 423 1314 471; x_wconf 86' lang='lat' dir='ltr'>bibracteolatis‚</span> <span class='ocrx_word' id='word_1_34' title='bbox 1346 422 1567 462; x_wconf 78' lang='lat' dir='ltr'>bracteolis</span> <span class='ocrx_word' id='word_1_35' title='bbox 1583 426 1723 462; x_wconf 86' lang='lat' dir='ltr'>ovato-</span> 
     </span>
     <span class='ocr_line' id='line_1_6' title="bbox 65 488 1726 544; baseline 0.001 -16"><span class='ocrx_word' id='word_1_36' title='bbox 65 489 309 529; x_wconf 83' lang='lat' dir='ltr'>lanceolatis</span> <span class='ocrx_word' id='word_1_37' title='bbox 339 490 582 529; x_wconf 80' lang='lat' dir='ltr'>acuminatis</span> <span class='ocrx_word' id='word_1_38' title='bbox 616 489 774 528; x_wconf 89' lang='lat' dir='ltr'>obtusis</span> <span class='ocrx_word' id='word_1_39' title='bbox 805 488 1000 528; x_wconf 82' lang='lat' dir='ltr'>viridibus</span> <span class='ocrx_word' id='word_1_40' title='bbox 1017 490 1383 544; x_wconf 75' lang='lat' dir='ltr'>albo-marginatis.</span> <span class='ocrx_word' id='word_1_41' title='bbox 1417 490 1542 542; x_wconf 83' lang='lat' dir='ltr'>Calyx</span> <span class='ocrx_word' id='word_1_42' title='bbox 1562 491 1726 530; x_wconf 82' lang='lat'><strong>2—4“‘</strong></span> 
     </span>
     <span class='ocr_line' id='line_1_7' title="bbox 68 555 1723 610; baseline 0.001 -14"><span class='ocrx_word' id='word_1_43' title='bbox 68 556 218 610; x_wconf 87' lang='lat' dir='ltr'>longus</span> <span class='ocrx_word' id='word_1_44' title='bbox 236 557 332 595; x_wconf 83' lang='lat' dir='ltr'>laete</span> <span class='ocrx_word' id='word_1_45' title='bbox 362 555 503 595; x_wconf 89' lang='lat' dir='ltr'>viridis</span> <span class='ocrx_word' id='word_1_46' title='bbox 534 568 729 606; x_wconf 79' lang='lat' dir='ltr'>venosus,</span> <span class='ocrx_word' id='word_1_47' title='bbox 763 556 802 594; x_wconf 90' lang='lat' dir='ltr'>in</span> <span class='ocrx_word' id='word_1_48' title='bbox 835 556 944 594; x_wconf 87' lang='lat' dir='ltr'>sicco</span> <span class='ocrx_word' id='word_1_49' title='bbox 977 555 1161 595; x_wconf 89' lang='lat' dir='ltr'>obsolete</span> <span class='ocrx_word' id='word_1_50' title='bbox 1183 557 1365 596; x_wconf 78' lang='lat' dir='ltr'>striatas.</span> <span class='ocrx_word' id='word_1_51' title='bbox 1398 556 1723 599; x_wconf 72' lang='lat' dir='ltr'>Peta1a5—7m</span> 
     </span>
     <span class='ocr_line' id='line_1_8' title="bbox 65 621 1718 678; baseline 0.001 -16"><span class='ocrx_word' id='word_1_52' title='bbox 65 623 205 678; x_wconf 79' lang='lat' dir='ltr'>longa,</span> <span class='ocrx_word' id='word_1_53' title='bbox 235 623 358 664; x_wconf 82' lang='lat' dir='ltr'>limbo</span> <span class='ocrx_word' id='word_1_54' title='bbox 389 623 469 663; x_wconf 81' lang='grc' dir='ltr'>2”Ι</span> <span class='ocrx_word' id='word_1_55' title='bbox 496 623 593 672; x_wconf 83' lang='lat' dir='ltr'>lata,</span> <span class='ocrx_word' id='word_1_56' title='bbox 626 623 730 664; x_wconf 86' lang='lat' dir='ltr'>alba.</span> <span class='ocrx_word' id='word_1_57' title='bbox 791 622 949 662; x_wconf 84' lang='lat' dir='ltr'>Corona</span> <span class='ocrx_word' id='word_1_58' title='bbox 980 625 1023 661; x_wconf 92' lang='lat' dir='ltr'>ut</span> <span class='ocrx_word' id='word_1_59' title='bbox 1053 624 1093 661; x_wconf 89' lang='lat' dir='ltr'>iu</span> <span class='ocrx_word' id='word_1_60' title='bbox 1126 621 1176 663; x_wconf 91' lang='lat' dir='ltr'>P.</span> <span class='ocrx_word' id='word_1_61' title='bbox 1205 626 1449 675; x_wconf 79' lang='lat' dir='ltr'><strong><em>pyrenaica.</em></strong></span> <span class='ocrx_word' id='word_1_62' title='bbox 1508 624 1718 664; x_wconf 82' lang='lat' dir='ltr'>Genitalia</span> 
     </span>
     <span class='ocr_line' id='line_1_9' title="bbox 65 689 1720 745; baseline 0.001 -15"><span class='ocrx_word' id='word_1_63' title='bbox 65 691 246 743; x_wconf 85' lang='lat' dir='ltr'>calycem</span> <span class='ocrx_word' id='word_1_64' title='bbox 278 692 341 730; x_wconf 81' lang='lat' dir='ltr'>vix</span> <span class='ocrx_word' id='word_1_65' title='bbox 373 691 639 742; x_wconf 81' lang='lat' dir='ltr'>superantia,</span> <span class='ocrx_word' id='word_1_66' title='bbox 672 690 848 728; x_wconf 88' lang='lat' dir='ltr'>stamina</span> <span class='ocrx_word' id='word_1_67' title='bbox 880 689 1001 740; x_wconf 86' lang='lat' dir='ltr'><strong>stylis</strong></span> <span class='ocrx_word' id='word_1_68' title='bbox 1032 689 1280 745; x_wconf 83' lang='lat' dir='ltr'>aequilonga,</span> <span class='ocrx_word' id='word_1_69' title='bbox 1311 690 1494 731; x_wconf 75' lang='lat' dir='ltr'>antherae</span> <span class='ocrx_word' id='word_1_70' title='bbox 1526 691 1720 745; x_wconf 86' lang='lat' dir='ltr'>ellipticae</span> 
     </span>
     <span class='ocr_line' id='line_1_10' title="bbox 64 755 1719 808; baseline 0.001 -11"><span class='ocrx_word' id='word_1_71' title='bbox 64 757 223 797; x_wconf 83' lang='lat' dir='ltr'>albidae.</span> <span class='ocrx_word' id='word_1_72' title='bbox 286 758 474 797; x_wconf 85' lang='lat' dir='ltr'>Ovarium</span> <span class='ocrx_word' id='word_1_73' title='bbox 506 757 636 797; x_wconf 88' lang='lat' dir='ltr'>ovale.</span> <span class='ocrx_word' id='word_1_74' title='bbox 699 756 806 808; x_wconf 87' lang='lat' dir='ltr'>Styli</span> <span class='ocrx_word' id='word_1_75' title='bbox 836 759 860 796; x_wconf 89' lang='lat'>5</span> <span class='ocrx_word' id='word_1_76' title='bbox 891 755 956 794; x_wconf 90' lang='lat' dir='ltr'>vel</span> <span class='ocrx_word' id='word_1_77' title='bbox 986 756 1118 795; x_wconf 88' lang='lat' dir='ltr'>rarius</span> <span class='ocrx_word' id='word_1_78' title='bbox 1137 759 1176 806; x_wconf 76' lang='lat'>4,</span> <span class='ocrx_word' id='word_1_79' title='bbox 1209 757 1273 796; x_wconf 87' lang='lat' dir='ltr'>vel</span> <span class='ocrx_word' id='word_1_80' title='bbox 1290 760 1328 806; x_wconf 84' lang='lat'>3,</span> <span class='ocrx_word' id='word_1_81' title='bbox 1360 759 1604 798; x_wconf 78' lang='lat' dir='ltr'>tenuissime</span> <span class='ocrx_word' id='word_1_82' title='bbox 1630 758 1719 799; x_wconf 86' lang='lat' dir='ltr'>bar-</span> 
     </span>
     <span class='ocr_line' id='line_1_11' title="bbox 65 821 1588 876; baseline 0.001 -12"><span class='ocrx_word' id='word_1_83' title='bbox 65 824 204 865; x_wconf 85' lang='lat' dir='ltr'>bulati.</span> <span class='ocrx_word' id='word_1_84' title='bbox 266 825 447 864; x_wconf 88' lang='lat' dir='ltr'>Seminis</span> <span class='ocrx_word' id='word_1_85' title='bbox 481 828 685 864; x_wconf 82' lang='lat' dir='ltr'>structura</span> <span class='ocrx_word' id='word_1_86' title='bbox 715 823 836 876; x_wconf 82' lang='lat' dir='ltr'>plane</span> <span class='ocrx_word' id='word_1_87' title='bbox 867 821 1009 862; x_wconf 82' lang='lat' dir='ltr'>eadem</span> <span class='ocrx_word' id='word_1_88' title='bbox 1040 826 1162 876; x_wconf 88' lang='lat' dir='ltr'>atque</span> <span class='ocrx_word' id='word_1_89' title='bbox 1193 823 1233 862; x_wconf 89' lang='lat' dir='ltr'>in</span> <span class='ocrx_word' id='word_1_90' title='bbox 1265 821 1317 863; x_wconf 91' lang='lat' dir='ltr'>P.</span> <span class='ocrx_word' id='word_1_91' title='bbox 1346 827 1588 876; x_wconf 78' lang='lat' dir='ltr'>pyrenaica.</span> 
     </span>
     <span class='ocr_line' id='line_1_12' title="bbox 783 889 981 941; baseline 0.005 -13"><span class='ocrx_word' id='word_1_92' title='bbox 783 889 981 941; x_wconf 77' lang='lat' dir='ltr'>Lychnis.</span> 
     </span>
     <span class='ocr_line' id='line_1_13' title="bbox 178 955 1605 1011; baseline -0.001 -11"><span class='ocrx_word' id='word_1_93' title='bbox 178 961 269 1000; x_wconf 85' lang='grc'><strong>146.</strong></span> <span class='ocrx_word' id='word_1_94' title='bbox 331 958 378 999; x_wconf 88' lang='lat' dir='ltr'>L.</span> <span class='ocrx_word' id='word_1_95' title='bbox 415 957 518 998; x_wconf 81' lang='lat' dir='ltr'>Flos</span> <span class='ocrx_word' id='word_1_96' title='bbox 548 959 686 997; x_wconf 76' lang='lat' dir='ltr'>cuculi</span> <span class='ocrx_word' id='word_1_97' title='bbox 714 956 758 998; x_wconf 91' lang='lat' dir='ltr'>L.</span> <span class='ocrx_word' id='word_1_98' title='bbox 819 955 947 996; x_wconf 86' lang='lat' dir='ltr'><strong>Rchb.</strong></span> <span class='ocrx_word' id='word_1_99' title='bbox 980 955 1036 996; x_wconf 86' lang='lat' dir='ltr'>lc.</span> <span class='ocrx_word' id='word_1_100' title='bbox 1067 956 1126 996; x_wconf 88' lang='lat' dir='ltr'>Fl.</span> <span class='ocrx_word' id='word_1_101' title='bbox 1159 969 1287 1011; x_wconf 90' lang='lat' dir='ltr'>germ.</span> <span class='ocrx_word' id='word_1_102' title='bbox 1322 955 1392 999; x_wconf 87' lang='lat' dir='ltr'>VI.</span> <span class='ocrx_word' id='word_1_103' title='bbox 1424 957 1450 998; x_wconf 87' lang='lat' dir='ltr'>f.</span> <span class='ocrx_word' id='word_1_104' title='bbox 1483 961 1605 1000; x_wconf 83' lang='lat'><strong>5129.</strong></span> 
     </span>
     <span class='ocr_line' id='line_1_14' title="bbox 174 1023 1721 1080; baseline 0.001 -15"><span class='ocrx_word' id='word_1_105' title='bbox 174 1025 221 1065; x_wconf 88' lang='lat' dir='ltr'>In</span> <span class='ocrx_word' id='word_1_106' title='bbox 251 1027 380 1080; x_wconf 89' lang='lat' dir='ltr'>pratis</span> <span class='ocrx_word' id='word_1_107' title='bbox 411 1039 538 1079; x_wconf 81' lang='lat' dir='ltr'>prope</span> <span class='ocrx_word' id='word_1_108' title='bbox 567 1025 678 1065; x_wconf 88' lang='lat' dir='ltr'>Yrun</span> <span class='ocrx_word' id='word_1_109' title='bbox 710 1028 751 1064; x_wconf 87' lang='lat' dir='ltr'>et</span> <span class='ocrx_word' id='word_1_110' title='bbox 781 1023 878 1063; x_wconf 89' lang='lat' dir='ltr'>alibi</span> <span class='ocrx_word' id='word_1_111' title='bbox 909 1037 983 1077; x_wconf 83' lang='lat' dir='ltr'>per</span> <span class='ocrx_word' id='word_1_112' title='bbox 1014 1027 1139 1064; x_wconf 88' lang='lat' dir='ltr'>totam</span> <span class='ocrx_word' id='word_1_113' title='bbox 1171 1023 1430 1065; x_wconf 81' lang='lat' dir='ltr'>Cantabriam</span> <span class='ocrx_word' id='word_1_114' title='bbox 1461 1027 1565 1066; x_wconf 88' lang='lat' dir='ltr'>satis</span> <span class='ocrx_word' id='word_1_115' title='bbox 1595 1025 1721 1067; x_wconf 79' lang='lat' dir='ltr'>abun-</span> 
     </span>
    </p>
   </div>
   <div class='ocr_carea' id='block_1_2' title="bbox 63 1091 1757 2825">
    <p class='ocr_par' dir='ltr' id='par_1_2' title="bbox 68 1091 1543 1198">
     <span class='ocr_line' id='line_1_15' title="bbox 68 1091 677 1148; baseline 0 -15"><span class='ocrx_word' id='word_1_116' title='bbox 68 1092 222 1133; x_wconf 86' lang='lat' dir='ltr'>danter.</span> <span class='ocrx_word' id='word_1_117' title='bbox 255 1093 380 1148; x_wconf 81' lang='lat' dir='ltr'>Majo,</span> <span class='ocrx_word' id='word_1_118' title='bbox 413 1093 537 1134; x_wconf 88' lang='lat' dir='ltr'>Junio</span> <span class='ocrx_word' id='word_1_119' title='bbox 572 1107 604 1133; x_wconf 87' lang='lat' dir='ltr'>c.</span> <span class='ocrx_word' id='word_1_120' title='bbox 639 1091 677 1133; x_wconf 88' lang='lat' dir='ltr'>fl.</span> 
     </span>
     <span class='ocr_line' id='line_1_16' title="bbox 747 1158 1543 1200; baseline 0.005 -4"><span class='ocrx_word' id='word_1_121' title='bbox 747 1158 791 1196; x_wconf 66' lang='lat' dir='ltr'><em>st</em></span> <span class='ocrx_word' id='word_1_122' title='bbox 784 1158 1044 1200; x_wconf 61' lang='lat' dir='ltr'>(laminam.</span> <span class='ocrx_word' id='word_1_123' title='bbox 1537 1182 1543 1188; x_wconf 94' lang='lat'><strong>·</strong></span> 
     </span>
    </p>

    <p class='ocr_par' dir='ltr' id='par_1_3' title="bbox 64 1224 1721 1348">
     <span class='ocr_line' id='line_1_17' title="bbox 181 1224 1721 1277; baseline -0.001 -8"><span class='ocrx_word' id='word_1_124' title='bbox 181 1230 270 1269; x_wconf 78' lang='lat'>147</span> <span class='ocrx_word' id='word_1_125' title='bbox 333 1224 389 1268; x_wconf 89' lang='lat' dir='ltr'>M.</span> <span class='ocrx_word' id='word_1_126' title='bbox 420 1231 618 1277; x_wconf 77' lang='lat' dir='ltr'>pratense</span> <span class='ocrx_word' id='word_1_127' title='bbox 647 1225 791 1264; x_wconf 75' lang='lat' dir='ltr'>Riihl.</span> <span class='ocrx_word' id='word_1_128' title='bbox 826 1224 1024 1277; x_wconf 84' lang='lat' dir='ltr'>(Lychnis</span> <span class='ocrx_word' id='word_1_129' title='bbox 1054 1224 1186 1265; x_wconf 70' lang='lat' dir='ltr'>diuina</span> <span class='ocrx_word' id='word_1_130' title='bbox 1217 1225 1260 1266; x_wconf 93' lang='lat' dir='ltr'>L</span> <span class='ocrx_word' id='word_1_131' title='bbox 1320 1225 1448 1266; x_wconf 89' lang='lat' dir='ltr'><strong>Rchb.</strong></span> <span class='ocrx_word' id='word_1_132' title='bbox 1481 1225 1590 1270; x_wconf 81' lang='lat' dir='ltr'>le.1.</span> <span class='ocrx_word' id='word_1_133' title='bbox 1626 1241 1659 1267; x_wconf 87' lang='lat' dir='ltr'>e.</span> <span class='ocrx_word' id='word_1_134' title='bbox 1692 1226 1721 1270; x_wconf 84' lang='lat' dir='ltr'>f.</span> 
     </span>
     <span class='ocr_line' id='line_1_18' title="bbox 64 1292 929 1348; baseline -0.005 -13"><span class='ocrx_word' id='word_1_135' title='bbox 64 1297 184 1335; x_wconf 91' lang='grc'><strong>5125.</strong></span> <span class='ocrx_word' id='word_1_136' title='bbox 218 1295 360 1334; x_wconf 83' lang='lat' dir='ltr'>Silene</span> <span class='ocrx_word' id='word_1_137' title='bbox 391 1295 595 1348; x_wconf 86' lang='lat' dir='ltr'>pratensis</span> <span class='ocrx_word' id='word_1_138' title='bbox 627 1292 749 1332; x_wconf 82' lang='lat' dir='ltr'>Gren.</span> <span class='ocrx_word' id='word_1_139' title='bbox 785 1292 929 1342; x_wconf 82' lang='lat' dir='ltr'>Godr)</span> 
     </span>
    </p>

    <p class='ocr_par' dir='ltr' id='par_1_4' title="bbox 69 1360 1718 1482">
     <span class='ocr_line' id='line_1_19' title="bbox 179 1360 1718 1416; baseline 0.001 -16"><span class='ocrx_word' id='word_1_140' title='bbox 179 1361 235 1400; x_wconf 86' lang='lat' dir='ltr'>Ad</span> <span class='ocrx_word' id='word_1_141' title='bbox 274 1375 396 1415; x_wconf 83' lang='lat' dir='ltr'>sepes</span> <span class='ocrx_word' id='word_1_142' title='bbox 442 1365 482 1400; x_wconf 91' lang='lat' dir='ltr'>et</span> <span class='ocrx_word' id='word_1_143' title='bbox 513 1373 700 1416; x_wconf 84' lang='lat' dir='ltr'>agrorum</span> <span class='ocrx_word' id='word_1_144' title='bbox 733 1361 940 1415; x_wconf 86' lang='lat' dir='ltr'>margines</span> <span class='ocrx_word' id='word_1_145' title='bbox 973 1373 1100 1414; x_wconf 89' lang='lat' dir='ltr'>prope</span> <span class='ocrx_word' id='word_1_146' title='bbox 1131 1371 1280 1415; x_wconf 81' lang='lat' dir='ltr'>pagum</span> <span class='ocrx_word' id='word_1_147' title='bbox 1310 1360 1470 1400; x_wconf 87' lang='lat' dir='ltr'>Sallent</span> <span class='ocrx_word' id='word_1_148' title='bbox 1502 1362 1542 1400; x_wconf 89' lang='lat' dir='ltr'>in</span> <span class='ocrx_word' id='word_1_149' title='bbox 1571 1361 1718 1414; x_wconf 82' lang='lat' dir='ltr'>Pyren.</span> 
     </span>
     <span class='ocr_line' id='line_1_20' title="bbox 69 1427 807 1482; baseline -0.004 -14"><span class='ocrx_word' id='word_1_150' title='bbox 69 1428 188 1482; x_wconf 86' lang='lat' dir='ltr'>Arag.</span> <span class='ocrx_word' id='word_1_151' title='bbox 222 1427 269 1467; x_wconf 87' lang='lat' dir='ltr'>ad</span> <span class='ocrx_word' id='word_1_152' title='bbox 302 1429 369 1467; x_wconf 83' lang='lat' dir='ltr'>alt.</span> <span class='ocrx_word' id='word_1_153' title='bbox 403 1430 542 1469; x_wconf 80' lang='grc'><strong>3700’.</strong></span> <span class='ocrx_word' id='word_1_154' title='bbox 575 1428 671 1468; x_wconf 89' lang='lat' dir='ltr'>Jun.</span> <span class='ocrx_word' id='word_1_155' title='bbox 703 1440 735 1468; x_wconf 83' lang='lat' dir='ltr'>e.</span> <span class='ocrx_word' id='word_1_156' title='bbox 770 1427 807 1466; x_wconf 91' lang='lat' dir='ltr'>ss.</span> 
     </span>
    </p>

    <p class='ocr_par' dir='ltr' id='par_1_5' title="bbox 66 1486 1757 1630">
     <span class='ocr_line' id='line_1_21' title="bbox 179 1486 1757 1548; baseline 0.001 -14"><span class='ocrx_word' id='word_1_157' title='bbox 179 1497 266 1535; x_wconf 79' lang='lat'>148.</span> <span class='ocrx_word' id='word_1_158' title='bbox 329 1493 387 1537; x_wconf 76' lang='lat' dir='ltr'>M,</span> <span class='ocrx_word' id='word_1_159' title='bbox 419 1497 607 1533; x_wconf 69' lang='lat' dir='ltr'>silvestre</span> <span class='ocrx_word' id='word_1_160' title='bbox 638 1494 783 1535; x_wconf 69' lang='lat' dir='ltr'>Riihl.</span> <span class='ocrx_word' id='word_1_161' title='bbox 816 1493 1011 1548; x_wconf 82' lang='lat' dir='ltr'>(Lychnis</span> <span class='ocrx_word' id='word_1_162' title='bbox 1043 1494 1186 1534; x_wconf 83' lang='lat' dir='ltr'>diurna</span> <span class='ocrx_word' id='word_1_163' title='bbox 1211 1493 1342 1534; x_wconf 85' lang='lat' dir='ltr'>Sibth,</span> <span class='ocrx_word' id='word_1_164' title='bbox 1374 1493 1504 1534; x_wconf 80' lang='lat' dir='ltr'><strong>Rchb.</strong></span> <span class='ocrx_word' id='word_1_165' title='bbox 1534 1493 1588 1535; x_wconf 84' lang='lat' dir='ltr'>Ie.</span> <span class='ocrx_word' id='word_1_166' title='bbox 1623 1494 1647 1535; x_wconf 92' lang='lat' dir='ltr'>l.</span> <span class='ocrx_word' id='word_1_167' title='bbox 1681 1508 1714 1536; x_wconf 82' lang='lat' dir='ltr'>c.</span> <span class='ocrx_word' id='word_1_168' title='bbox 1755 1486 1757 1488; x_wconf 37' lang='lat'><strong>.</strong></span> 
     </span>
     <span class='ocr_line' id='line_1_22' title="bbox 66 1561 1719 1630; baseline 0.002 -30"><span class='ocrx_word' id='word_1_169' title='bbox 66 1561 94 1602; x_wconf 90' lang='lat' dir='ltr'>f.</span> <span class='ocrx_word' id='word_1_170' title='bbox 127 1565 247 1603; x_wconf 82' lang='lat'><strong>5126</strong></span> <span class='ocrx_word' id='word_1_171' title='bbox 311 1562 455 1602; x_wconf 88' lang='lat' dir='ltr'>Silene</span> <span class='ocrx_word' id='word_1_172' title='bbox 499 1562 642 1602; x_wconf 86' lang='lat' dir='ltr'>diurna</span> <span class='ocrx_word' id='word_1_173' title='bbox 674 1561 796 1600; x_wconf 88' lang='lat' dir='ltr'>Gren.</span> <span class='ocrx_word' id='word_1_174' title='bbox 835 1561 975 1608; x_wconf 87' lang='lat' dir='ltr'>Godr)</span> <span class='ocrx_word' id='word_1_175' title='bbox 1013 1561 1074 1601; x_wconf 92' lang='lat' dir='ltr'>Pl.</span> <span class='ocrx_word' id='word_1_176' title='bbox 1106 1575 1190 1602; x_wconf 84' lang='lat' dir='ltr'>exs</span> <span class='ocrx_word' id='word_1_177' title='bbox 1224 1561 1316 1604; x_wconf 84' lang='lat' dir='ltr'>coll</span> <span class='ocrx_word' id='word_1_178' title='bbox 1348 1574 1439 1602; x_wconf 87' lang='lat' dir='ltr'>ven.</span> <span class='ocrx_word' id='word_1_179' title='bbox 1472 1575 1509 1602; x_wconf 97' lang='grc' dir='ltr'>ιι</span> <span class='ocrx_word' id='word_1_180' title='bbox 1542 1565 1609 1604; x_wconf 77' lang='grc'>27.</span> <span class='ocrx_word' id='word_1_181' title='bbox 1675 1599 1719 1630; x_wconf 48' lang='lat' dir='ltr'>v</span> 
     </span>
    </p>

    <p class='ocr_par' dir='ltr' id='par_1_6' title="bbox 65 1629 1718 1751">
     <span class='ocr_line' id='line_1_23' title="bbox 171 1629 1718 1701; baseline 0.001 -32"><span class='ocrx_word' id='word_1_182' title='bbox 171 1629 231 1669; x_wconf 78' lang='lat' dir='ltr'>Ad</span> <span class='ocrx_word' id='word_1_183' title='bbox 260 1643 382 1683; x_wconf 87' lang='lat' dir='ltr'>sepes</span> <span class='ocrx_word' id='word_1_184' title='bbox 411 1629 624 1669; x_wconf 86' lang='lat' dir='ltr'>umbrosas</span> <span class='ocrx_word' id='word_1_185' title='bbox 654 1643 780 1683; x_wconf 84' lang='lat' dir='ltr'>prope</span> <span class='ocrx_word' id='word_1_186' title='bbox 811 1630 946 1679; x_wconf 85' lang='lat' dir='ltr'>Yrun,</span> <span class='ocrx_word' id='word_1_187' title='bbox 980 1629 1146 1679; x_wconf 87' lang='lat' dir='ltr'>Bilbao,</span> <span class='ocrx_word' id='word_1_188' title='bbox 1177 1629 1479 1680; x_wconf 89' lang='lat' dir='ltr'>Somorrostro‚</span> <span class='ocrx_word' id='word_1_189' title='bbox 1512 1630 1718 1701; x_wconf 81' lang='lat' dir='ltr'>Sopuerta</span> 
     </span>
     <span class='ocr_line' id='line_1_24' title="bbox 65 1696 983 1751; baseline 0 -16"><span class='ocrx_word' id='word_1_190' title='bbox 65 1698 140 1738; x_wconf 86' lang='lat' dir='ltr'>etc.</span> <span class='ocrx_word' id='word_1_191' title='bbox 173 1709 243 1750; x_wconf 88' lang='lat' dir='ltr'>per</span> <span class='ocrx_word' id='word_1_192' title='bbox 273 1698 398 1736; x_wconf 84' lang='lat' dir='ltr'>totam</span> <span class='ocrx_word' id='word_1_193' title='bbox 431 1697 700 1737; x_wconf 83' lang='lat' dir='ltr'>Cantabriam.</span> <span class='ocrx_word' id='word_1_194' title='bbox 736 1696 845 1751; x_wconf 84' lang='lat' dir='ltr'>Majo</span> <span class='ocrx_word' id='word_1_195' title='bbox 877 1711 910 1736; x_wconf 86' lang='lat' dir='ltr'>c.</span> <span class='ocrx_word' id='word_1_196' title='bbox 943 1696 983 1736; x_wconf 87' lang='lat' dir='ltr'>fl.</span> 
     </span>
    </p>

    <p class='ocr_par' dir='ltr' id='par_1_7' title="bbox 734 1764 1034 1812">
     <span class='ocr_line' id='line_1_25' title="bbox 734 1764 1034 1812; baseline 0.003 -10"><span class='ocrx_word' id='word_1_197' title='bbox 734 1764 1034 1812; x_wconf 14' lang='lat' dir='ltr'>A91U0scemma</span> 
     </span>
    </p>

    <p class='ocr_par' dir='ltr' id='par_1_8' title="bbox 63 1792 1718 1943">
     <span class='ocr_line' id='line_1_26' title="bbox 177 1792 1718 1887; baseline -0.001 -16"><span class='ocrx_word' id='word_1_198' title='bbox 177 1834 269 1873; x_wconf 88' lang='grc'><strong>150.</strong></span> <span class='ocrx_word' id='word_1_199' title='bbox 333 1830 382 1871; x_wconf 95' lang='lat' dir='ltr'>A.</span> <span class='ocrx_word' id='word_1_200' title='bbox 412 1831 590 1880; x_wconf 78' lang='lat' dir='ltr'>Gichayo</span> <span class='ocrx_word' id='word_1_201' title='bbox 620 1831 666 1871; x_wconf 92' lang='grc' dir='ltr'>Ι.</span> <span class='ocrx_word' id='word_1_202' title='bbox 728 1831 927 1887; x_wconf 80' lang='lat' dir='ltr'>(Githago</span> <span class='ocrx_word' id='word_1_203' title='bbox 959 1834 1148 1886; x_wconf 84' lang='lat' dir='ltr'>segetum</span> <span class='ocrx_word' id='word_1_204' title='bbox 1167 1830 1283 1873; x_wconf 86' lang='lat' dir='ltr'>Desf.</span> <span class='ocrx_word' id='word_1_205' title='bbox 1316 1829 1445 1872; x_wconf 87' lang='lat' dir='ltr'><strong>Rchb.</strong></span> <span class='ocrx_word' id='word_1_206' title='bbox 1477 1792 1532 1872; x_wconf 73' lang='lat' dir='ltr'>lc.</span> <span class='ocrx_word' id='word_1_207' title='bbox 1563 1831 1591 1871; x_wconf 91' lang='lat' dir='ltr'><strong>l</strong></span> <span class='ocrx_word' id='word_1_208' title='bbox 1623 1844 1656 1874; x_wconf 81' lang='lat' dir='ltr'>e</span> <span class='ocrx_word' id='word_1_209' title='bbox 1689 1828 1718 1872; x_wconf 91' lang='lat' dir='ltr'>f.</span> 
     </span>
     <span class='ocr_line' id='line_1_27' title="bbox 63 1900 206 1943; baseline 0.028 -4"><span class='ocrx_word' id='word_1_210' title='bbox 63 1900 206 1943; x_wconf 85' lang='grc'><strong>5132.)</strong></span> 
     </span>
    </p>

    <p class='ocr_par' dir='ltr' id='par_1_9' title="bbox 64 1965 1719 2088">
     <span class='ocr_line' id='line_1_28' title="bbox 175 1965 1719 2023; baseline 0 -18"><span class='ocrx_word' id='word_1_211' title='bbox 175 1965 285 2005; x_wconf 89' lang='lat' dir='ltr'>Inter</span> <span class='ocrx_word' id='word_1_212' title='bbox 324 1969 491 2022; x_wconf 83' lang='lat' dir='ltr'>segetes</span> <span class='ocrx_word' id='word_1_213' title='bbox 528 1979 655 2021; x_wconf 85' lang='lat' dir='ltr'>prope</span> <span class='ocrx_word' id='word_1_214' title='bbox 696 1979 845 2023; x_wconf 79' lang='lat' dir='ltr'>pagum</span> <span class='ocrx_word' id='word_1_215' title='bbox 881 1968 1006 2008; x_wconf 86' lang='lat' dir='ltr'>Olave</span> <span class='ocrx_word' id='word_1_216' title='bbox 1036 1970 1076 2007; x_wconf 85' lang='lat' dir='ltr'>et</span> <span class='ocrx_word' id='word_1_217' title='bbox 1107 1967 1203 2007; x_wconf 85' lang='lat' dir='ltr'>alibi</span> <span class='ocrx_word' id='word_1_218' title='bbox 1233 1968 1275 2006; x_wconf 89' lang='lat' dir='ltr'>in</span> <span class='ocrx_word' id='word_1_219' title='bbox 1304 1966 1507 2017; x_wconf 85' lang='lat' dir='ltr'>Navarra,</span> <span class='ocrx_word' id='word_1_220' title='bbox 1538 1966 1579 2006; x_wconf 90' lang='lat' dir='ltr'>in</span> <span class='ocrx_word' id='word_1_221' title='bbox 1609 1965 1719 2006; x_wconf 84' lang='lat' dir='ltr'>valle</span> 
     </span>
     <span class='ocr_line' id='line_1_29' title="bbox 64 2031 1421 2088; baseline 0.002 -16"><span class='ocrx_word' id='word_1_222' title='bbox 64 2031 177 2073; x_wconf 86' lang='lat' dir='ltr'>fluvii</span> <span class='ocrx_word' id='word_1_223' title='bbox 206 2034 366 2088; x_wconf 85' lang='lat' dir='ltr'>Aragon</span> <span class='ocrx_word' id='word_1_224' title='bbox 399 2037 490 2082; x_wconf 67' lang='lat' dir='ltr'>ete,</span> <span class='ocrx_word' id='word_1_225' title='bbox 522 2047 594 2086; x_wconf 90' lang='lat' dir='ltr'>per</span> <span class='ocrx_word' id='word_1_226' title='bbox 625 2037 750 2074; x_wconf 84' lang='lat' dir='ltr'>totam</span> <span class='ocrx_word' id='word_1_227' title='bbox 782 2034 869 2074; x_wconf 90' lang='lat' dir='ltr'>fere</span> <span class='ocrx_word' id='word_1_228' title='bbox 898 2034 1153 2087; x_wconf 84' lang='lat' dir='ltr'>Hispaniam.</span> <span class='ocrx_word' id='word_1_229' title='bbox 1183 2033 1280 2075; x_wconf 88' lang='lat' dir='ltr'>Jun.</span> <span class='ocrx_word' id='word_1_230' title='bbox 1313 2048 1347 2077; x_wconf 78' lang='lat' dir='ltr'>c.</span> <span class='ocrx_word' id='word_1_231' title='bbox 1381 2033 1421 2076; x_wconf 81' lang='lat' dir='ltr'>fl.</span> 
     </span>
    </p>

    <p class='ocr_par' dir='ltr' id='par_1_10' title="bbox 67 2100 1022 2152">
     <span class='ocr_line' id='line_1_30' title="bbox 67 2100 1022 2152; baseline -0.001 -11"><span class='ocrx_word' id='word_1_232' title='bbox 67 2115 69 2117; x_wconf 76' lang='grc'><strong>’</strong></span> <span class='ocrx_word' id='word_1_233' title='bbox 766 2100 1022 2152; x_wconf 72' lang='lat' dir='ltr'>saponaria.</span> 
     </span>
    </p>

    <p class='ocr_par' dir='ltr' id='par_1_11' title="bbox 180 2165 1301 2216">
     <span class='ocr_line' id='line_1_31' title="bbox 180 2165 1301 2216; baseline 0.001 -8"><span class='ocrx_word' id='word_1_234' title='bbox 180 2170 274 2208; x_wconf 88' lang='grc'>151.</span> <span class='ocrx_word' id='word_1_235' title='bbox 335 2167 379 2207; x_wconf 90' lang='lat' dir='ltr'>S.</span> <span class='ocrx_word' id='word_1_236' title='bbox 413 2166 642 2216; x_wconf 75' lang='lat' dir='ltr'>officinalis</span> <span class='ocrx_word' id='word_1_237' title='bbox 671 2168 714 2210; x_wconf 88' lang='lat' dir='ltr'>L.</span> <span class='ocrx_word' id='word_1_238' title='bbox 747 2169 876 2209; x_wconf 87' lang='lat' dir='ltr'><strong>Rchb.</strong></span> <span class='ocrx_word' id='word_1_239' title='bbox 909 2168 963 2208; x_wconf 84' lang='lat' dir='ltr'>le.</span> <span class='ocrx_word' id='word_1_240' title='bbox 997 2168 1024 2207; x_wconf 92' lang='grc'><strong>1.</strong></span> <span class='ocrx_word' id='word_1_241' title='bbox 1057 2181 1089 2210; x_wconf 85' lang='lat' dir='ltr'>c.</span> <span class='ocrx_word' id='word_1_242' title='bbox 1121 2165 1148 2209; x_wconf 85' lang='lat' dir='ltr'>f.</span> <span class='ocrx_word' id='word_1_243' title='bbox 1179 2169 1301 2209; x_wconf 89' lang='grc'><strong>4995.</strong></span> 
     </span>
    </p>

    <p class='ocr_par' dir='ltr' id='par_1_12' title="bbox 64 2232 1726 2422">
     <span class='ocr_line' id='line_1_32' title="bbox 173 2232 1726 2289; baseline -0.001 -16"><span class='ocrx_word' id='word_1_244' title='bbox 173 2233 234 2274; x_wconf 82' lang='lat' dir='ltr'>Ad</span> <span class='ocrx_word' id='word_1_245' title='bbox 263 2233 398 2274; x_wconf 84' lang='lat' dir='ltr'>fossas</span> <span class='ocrx_word' id='word_1_246' title='bbox 428 2248 636 2289; x_wconf 89' lang='lat' dir='ltr'>sepesque</span> <span class='ocrx_word' id='word_1_247' title='bbox 666 2236 880 2275; x_wconf 87' lang='lat' dir='ltr'>umbrosas</span> <span class='ocrx_word' id='word_1_248' title='bbox 911 2236 1016 2274; x_wconf 87' lang='lat' dir='ltr'>inter</span> <span class='ocrx_word' id='word_1_249' title='bbox 1033 2234 1142 2275; x_wconf 85' lang='lat' dir='ltr'>Bera</span> <span class='ocrx_word' id='word_1_250' title='bbox 1173 2239 1213 2273; x_wconf 89' lang='lat' dir='ltr'>et</span> <span class='ocrx_word' id='word_1_251' title='bbox 1236 2234 1361 2288; x_wconf 86' lang='lat' dir='ltr'>Borja</span> <span class='ocrx_word' id='word_1_252' title='bbox 1378 2237 1418 2274; x_wconf 90' lang='lat' dir='ltr'>et</span> <span class='ocrx_word' id='word_1_253' title='bbox 1445 2233 1542 2274; x_wconf 87' lang='lat' dir='ltr'>alibi</span> <span class='ocrx_word' id='word_1_254' title='bbox 1567 2232 1726 2273; x_wconf 78' lang='lat' dir='ltr'>inAra·</span> 
     </span>
     <span class='ocr_line' id='line_1_33' title="bbox 64 2299 1725 2356; baseline -0.001 -16"><span class='ocrx_word' id='word_1_255' title='bbox 64 2301 188 2356; x_wconf 86' lang='lat' dir='ltr'>gonia</span> <span class='ocrx_word' id='word_1_256' title='bbox 218 2300 438 2350; x_wconf 76' lang='lat' dir='ltr'>inferiore,</span> <span class='ocrx_word' id='word_1_257' title='bbox 478 2301 562 2344; x_wconf 83' lang='lat' dir='ltr'>Jul.</span> <span class='ocrx_word' id='word_1_258' title='bbox 594 2316 627 2341; x_wconf 82' lang='lat' dir='ltr'>c.</span> <span class='ocrx_word' id='word_1_259' title='bbox 660 2302 726 2351; x_wconf 89' lang='lat' dir='ltr'>ss.;</span> <span class='ocrx_word' id='word_1_260' title='bbox 769 2315 895 2356; x_wconf 87' lang='lat' dir='ltr'>prope</span> <span class='ocrx_word' id='word_1_261' title='bbox 935 2305 1107 2342; x_wconf 86' lang='lat' dir='ltr'>monast.</span> <span class='ocrx_word' id='word_1_262' title='bbox 1139 2301 1216 2341; x_wconf 86' lang='lat' dir='ltr'>Sta</span> <span class='ocrx_word' id='word_1_263' title='bbox 1244 2300 1377 2342; x_wconf 84' lang='lat' dir='ltr'>Maria</span> <span class='ocrx_word' id='word_1_264' title='bbox 1407 2299 1474 2341; x_wconf 84' lang='lat' dir='ltr'>del</span> <span class='ocrx_word' id='word_1_265' title='bbox 1502 2299 1652 2341; x_wconf 82' lang='lat' dir='ltr'>Paular</span> <span class='ocrx_word' id='word_1_266' title='bbox 1680 2300 1725 2340; x_wconf 83' lang='lat' dir='ltr'>in</span> 
     </span>
     <span class='ocr_line' id='line_1_34' title="bbox 65 2367 909 2422; baseline 0 -14"><span class='ocrx_word' id='word_1_267' title='bbox 65 2368 205 2408; x_wconf 90' lang='lat' dir='ltr'>Sierra</span> <span class='ocrx_word' id='word_1_268' title='bbox 235 2367 285 2408; x_wconf 84' lang='lat' dir='ltr'>de</span> <span class='ocrx_word' id='word_1_269' title='bbox 317 2367 608 2419; x_wconf 85' lang='lat' dir='ltr'>Guadarrama,</span> <span class='ocrx_word' id='word_1_270' title='bbox 640 2370 754 2422; x_wconf 89' lang='lat' dir='ltr'>Sept.</span> <span class='ocrx_word' id='word_1_271' title='bbox 788 2369 838 2408; x_wconf 89' lang='lat' dir='ltr'>de</span> <span class='ocrx_word' id='word_1_272' title='bbox 870 2368 909 2409; x_wconf 90' lang='lat' dir='ltr'>fl.</span> 
     </span>
    </p>

    <p class='ocr_par' dir='ltr' id='par_1_13' title="bbox 64 2426 1721 2554">
     <span class='ocr_line' id='line_1_35' title="bbox 173 2426 1721 2488; baseline 0.001 -14"><span class='ocrx_word' id='word_1_273' title='bbox 173 2438 260 2476; x_wconf 81' lang='lat'>152.</span> <span class='ocrx_word' id='word_1_274' title='bbox 322 2434 366 2476; x_wconf 81' lang='lat' dir='ltr'>S.</span> <span class='ocrx_word' id='word_1_275' title='bbox 400 2437 628 2487; x_wconf 78' lang='lat' dir='ltr'>ocymoides</span> <span class='ocrx_word' id='word_1_276' title='bbox 657 2436 701 2478; x_wconf 91' lang='lat' dir='ltr'>L.</span> <span class='ocrx_word' id='word_1_277' title='bbox 757 2436 926 2486; x_wconf 88' lang='lat' dir='ltr'>(Bootia</span> <span class='ocrx_word' id='word_1_278' title='bbox 954 2434 1192 2488; x_wconf 81' lang='lat' dir='ltr'>ocymoides</span> <span class='ocrx_word' id='word_1_279' title='bbox 1221 2435 1345 2476; x_wconf 83' lang='lat' dir='ltr'>Neek.</span> <span class='ocrx_word' id='word_1_280' title='bbox 1377 2426 1508 2478; x_wconf 76' lang='lat' dir='ltr'><strong>Rchb.</strong></span> <span class='ocrx_word' id='word_1_281' title='bbox 1538 2433 1592 2475; x_wconf 89' lang='lat' dir='ltr'>Ic.</span> <span class='ocrx_word' id='word_1_282' title='bbox 1625 2433 1652 2475; x_wconf 90' lang='lat' dir='ltr'>l.</span> <span class='ocrx_word' id='word_1_283' title='bbox 1685 2446 1721 2475; x_wconf 82' lang='lat' dir='ltr'>c.</span> 
     </span>
     <span class='ocr_line' id='line_1_36' title="bbox 64 2501 265 2554; baseline 0.005 -13"><span class='ocrx_word' id='word_1_284' title='bbox 64 2501 90 2541; x_wconf 77' lang='lat' dir='ltr'>f.</span> <span class='ocrx_word' id='word_1_285' title='bbox 127 2501 265 2554; x_wconf 85' lang='grc'><strong>4994.)</strong></span> 
     </span>
    </p>

    <p class='ocr_par' dir='ltr' id='par_1_14' title="bbox 67 2566 1723 2679">
     <span class='ocr_line' id='line_1_37' title="bbox 186 2566 1723 2624; baseline 0.001 -17"><span class='ocrx_word' id='word_1_286' title='bbox 186 2567 232 2607; x_wconf 86' lang='lat' dir='ltr'>In</span> <span class='ocrx_word' id='word_1_287' title='bbox 263 2568 410 2621; x_wconf 89' lang='lat' dir='ltr'>Pyren.</span> <span class='ocrx_word' id='word_1_288' title='bbox 442 2569 563 2624; x_wconf 85' lang='lat' dir='ltr'>Arag.</span> <span class='ocrx_word' id='word_1_289' title='bbox 593 2571 634 2610; x_wconf 91' lang='lat' dir='ltr'>in</span> <span class='ocrx_word' id='word_1_290' title='bbox 666 2570 854 2610; x_wconf 85' lang='lat' dir='ltr'>arenosis</span> <span class='ocrx_word' id='word_1_291' title='bbox 883 2568 1224 2624; x_wconf 84' lang='lat' dir='ltr'>rupestribusque</span> <span class='ocrx_word' id='word_1_292' title='bbox 1264 2572 1370 2611; x_wconf 88' lang='lat' dir='ltr'>inter</span> <span class='ocrx_word' id='word_1_293' title='bbox 1400 2580 1531 2624; x_wconf 85' lang='lat' dir='ltr'>pagos</span> <span class='ocrx_word' id='word_1_294' title='bbox 1561 2566 1723 2609; x_wconf 85' lang='lat' dir='ltr'>Sallent</span> 
     </span>
     <span class='ocr_line' id='line_1_38' title="bbox 67 2635 1044 2679; baseline 0.001 -5"><span class='ocrx_word' id='word_1_295' title='bbox 67 2639 108 2674; x_wconf 88' lang='lat' dir='ltr'>et</span> <span class='ocrx_word' id='word_1_296' title='bbox 137 2635 356 2675; x_wconf 86' lang='lat' dir='ltr'>Pantieosa</span> <span class='ocrx_word' id='word_1_297' title='bbox 387 2635 435 2675; x_wconf 84' lang='lat' dir='ltr'>ad</span> <span class='ocrx_word' id='word_1_298' title='bbox 467 2636 538 2676; x_wconf 88' lang='lat' dir='ltr'>alt.</span> <span class='ocrx_word' id='word_1_299' title='bbox 571 2651 604 2679; x_wconf 82' lang='lat' dir='ltr'>e.</span> <span class='ocrx_word' id='word_1_300' title='bbox 632 2637 771 2678; x_wconf 87' lang='lat'><strong>3000‘.</strong></span> <span class='ocrx_word' id='word_1_301' title='bbox 808 2635 905 2676; x_wconf 83' lang='lat' dir='ltr'>Jun.</span> <span class='ocrx_word' id='word_1_302' title='bbox 939 2650 972 2675; x_wconf 87' lang='lat' dir='ltr'>e.</span> <span class='ocrx_word' id='word_1_303' title='bbox 1005 2635 1044 2676; x_wconf 89' lang='lat' dir='ltr'>ss.</span> 
     </span>
    </p>

    <p class='ocr_par' dir='ltr' id='par_1_15' title="bbox 178 2703 1715 2825">
     <span class='ocr_line' id='line_1_39' title="bbox 755 2703 1023 2754; baseline -0.007 -11"><span class='ocrx_word' id='word_1_304' title='bbox 755 2703 1023 2754; x_wconf 78' lang='lat' dir='ltr'>Gypsophila.</span> 
     </span>
     <span class='ocr_line' id='line_1_40' title="bbox 178 2765 1715 2825; baseline -0.001 -15"><span class='ocrx_word' id='word_1_305' title='bbox 178 2772 268 2810; x_wconf 84' lang='lat'><strong>153.</strong></span> <span class='ocrx_word' id='word_1_306' title='bbox 330 2766 381 2808; x_wconf 77' lang='lat' dir='ltr'>G.</span> <span class='ocrx_word' id='word_1_307' title='bbox 418 2767 623 2809; x_wconf 66' lang='lat' dir='ltr'>Vae-caria</span> <span class='ocrx_word' id='word_1_308' title='bbox 654 2769 818 2810; x_wconf 84' lang='lat' dir='ltr'>Sibth.</span> <span class='ocrx_word' id='word_1_309' title='bbox 860 2770 953 2810; x_wconf 90' lang='lat' dir='ltr'>Sm.</span> <span class='ocrx_word' id='word_1_310' title='bbox 996 2768 1056 2810; x_wconf 89' lang='lat' dir='ltr'>Fl.</span> <span class='ocrx_word' id='word_1_311' title='bbox 1097 2782 1220 2825; x_wconf 79' lang='lat' dir='ltr'>graec.</span> <span class='ocrx_word' id='word_1_312' title='bbox 1263 2769 1484 2824; x_wconf 84' lang='lat' dir='ltr'>(Saponar.</span> <span class='ocrx_word' id='word_1_313' title='bbox 1516 2768 1640 2810; x_wconf 79' lang='lat' dir='ltr'>Vacc.</span> <span class='ocrx_word' id='word_1_314' title='bbox 1670 2765 1715 2809; x_wconf 83' lang='lat' dir='ltr'>L.</span> 
     </span>
    </p>
   </div>
   <div class='ocr_carea' id='block_1_3' title="bbox 66 2833 1448 2933">
    <p class='ocr_par' dir='ltr' id='par_1_16' title="bbox 66 2833 1448 2933">
     <span class='ocr_line' id='line_1_41' title="bbox 66 2833 1144 2888; baseline 0.004 -13"><span class='ocrx_word' id='word_1_315' title='bbox 66 2834 263 2876; x_wconf 83' lang='lat' dir='ltr'>Vaccaria</span> <span class='ocrx_word' id='word_1_316' title='bbox 293 2834 549 2888; x_wconf 81' lang='lat' dir='ltr'>pyramidata</span> <span class='ocrx_word' id='word_1_317' title='bbox 578 2835 705 2879; x_wconf 81' lang='lat' dir='ltr'><strong>Rchb.</strong></span> <span class='ocrx_word' id='word_1_318' title='bbox 734 2833 787 2876; x_wconf 78' lang='lat' dir='ltr'>le.</span> <span class='ocrx_word' id='word_1_319' title='bbox 823 2834 849 2876; x_wconf 90' lang='lat' dir='ltr'>l.</span> <span class='ocrx_word' id='word_1_320' title='bbox 880 2847 913 2877; x_wconf 80' lang='lat' dir='ltr'>e.</span> <span class='ocrx_word' id='word_1_321' title='bbox 944 2833 973 2877; x_wconf 80' lang='lat' dir='ltr'>f.</span> <span class='ocrx_word' id='word_1_322' title='bbox 1004 2837 1144 2880; x_wconf 74' lang='lat'><strong>4991.)</strong></span> 
     </span>
     <span class='ocr_line' id='line_1_42' title="bbox 1427 2900 1448 2933; baseline 0 0"><span class='ocrx_word' id='word_1_323' title='bbox 1427 2900 1448 2933; x_wconf 91' lang='grc'><strong>4</strong></span> 
     </span>
    </p>
   </div>
  </div>
 </body>
</html>
