1867 3215
132 76 243 125 114·

847 197 1065 237 Veronica.

234 271 328 310 747.
397 264 441 305 V.
476 265 694 313 Anaqallis
723 264 767 304 L.

234 334 279 373 ln
312 332 486 372 humidis
517 331 784 380 Cantabriae,
825 344 859 370 v.
906 345 938 371 c.
982 332 1019 370 in
1060 332 1166 371 valle
1196 330 1246 370 de
1277 329 1431 383 Loyola
1469 343 1592 385 prope
1624 330 1666 373 S.
1698 331 1770 371 Se-

124 402 312 448 bastiam.-
342 400 381 437 in
414 398 633 453 uliginosis
664 398 873 438 Castellae
903 411 1048 446 novae,
1080 412 1115 437 v.
1149 412 1180 439 c.
1214 399 1320 437 eirca
1346 396 1501 438 monna
1530 398 1581 438 de
1607 400 1769 453 Aragon
1839 419 1841 422 ·

127 480 252 521 prope
266 465 423 505 Chozas
440 466 490 505 de
508 465 546 505 la
560 465 701 505 Sierra
713 469 788 506 etc.
800 488 851 495 —
863 478 934 517 per
945 468 1069 504 totam
1079 465 1329 517 Hispaniam.
1351 465 1633 520 Majo—Sept.
1645 465 1769 506 c.flor.

239 535 333 575 748.
405 531 447 573 V.
479 537 692 582 prostrata
724 531 766 571 Ι..
800 531 911 572 Koch
943 532 1042 585 Syn.
1076 531 1126 571 ll.
1169 547 1205 585 p.
1238 536 1333 573 920.
1376 555 1419 559 -—
1475 533 1533 572 Pl.
1566 546 1650 573 exs.
1683 533 1774 575 coll.

120 614 209 642 ven.
243 613 280 639 n.
316 602 408 640 329.
890 588 896 602 “

230 666 274 706 ln
315 666 520 720 glareosis
553 665 854 718 pyrenaeorum
896 666 1125 719 Aragoniae
1167 666 1206 705 in
1248 667 1416 720 regione
1461 665 1677 720 subalpina
1719 665 1769 706 ad

121 735 190 775 alt.
223 734 516 774 4000-4500‘
549 734 717 787 passim,
750 731 855 772 haud
884 731 1100 785 frequens:
1143 734 1183 771 in
1215 745 1374 772 summa
1405 736 1519 785 parte
1550 733 1668 773 vallis
1698 732 1770 772 flu-

119 803 173 841 vii
216 803 376 855 Aragon
419 804 540 852 atque
581 801 620 838 in
662 799 888 840 declivibus
925 800 1017 854 jugi
1048 798 1196 839 Puerto
1239 799 1287 838 de
1319 798 1543 848 Canfranc,
1593 800 1633 838 in
1665 799 1770 839 valle

119 867 223 916 lzas,
253 867 304 907 ad
334 868 463 906 rivum
496 865 689 907 Calderas
719 879 842 920 supra
874 878 1022 920 pagum
1056 865 1276 905 Pantieosa
1305 870 1380 904 etc.
1415 865 1539 905 Junio
1570 879 1603 905 o.
1636 865 1722 906 flor.

226 937 320 976 749.
385 931 434 973 V.
476 936 691 973 austriaca
731 933 772 972 L.
813 933 853 972 a.
893 935 1059 972 dentata
1090 932 1222 972 Koch
1255 933 1279 971 Ι.
1314 932 1335 971 Ι.
1371 957 1422 962 -
1463 933 1519 974 Pl.
1553 946 1639 973 exs.
1672 932 1763 972 coll.

118 1015 207 1042 ven.
241 1015 278 1040 n.
312 1003 392 1042 576
421 1013 457 1041 a.

228 1068 273 1108 ln
305 1067 508 1122 glareosis
526 1067 949 1119 Pyrenaeorumssum
982 1066 1255 1119 praecedente
1287 1070 1408 1119 atque
1439 1067 1478 1105 in
1502 1069 1638 1106 monte
1655 1066 1766 1107 Pena

117 1136 174 1176 de*
198 1135 317 1175 Oroel
347 1133 397 1174 ad
428 1133 497 1173 alt.
529 1137 668 1174 5000‘.
701 1134 825 1174 Junio
859 1146 892 1172 c.
926 1132 1011 1172 flor.

223 1202 317 1241 Oba.
376 1200 434 1240 el.
468 1200 723 1241 Bentham
771 1200 874 1240 hanc
903 1201 1141 1238 varietatem
1173 1204 1213 1238 et
1243 1200 1424 1251 speciem
1456 1198 1764 1239 antecedentem

115 1268 164 1308 ad
200 1267 249 1307 V.
281 1266 509 1308 Teucriam
537 1267 658 1308 ducit.
692 1266 752 1307 ef.
785 1266 922 1307 Prodr.
955 1267 1002 1307 X.
1034 1280 1071 1320 p.
1105 1268 1198 1307 470.

226 1338 318 1376 750.
382 1333 430 1375 V.
465 1334 691 1383 officinalis
720 1333 762 1373 L.
793 1358 847 1366 ——
878 1334 934 1373 Pl.
970 1346 1054 1372 exs.
1087 1333 1180 1372 coll.
1213 1346 1303 1373 ven.
1337 1346 1376 1373 n.
1410 1336 1499 1373 101.

226 1402 283 1441 Ad
313 1402 403 1441 vias
434 1402 538 1441 inter
555 1401 835 1441 Somorrostro
868 1403 908 1439 et
926 1400 1129 1452 Sopuerta
1160 1404 1200 1439 et
1231 1400 1328 1438 alibi
1353 1401 1392 1439 in
1409 1400 1611 1452 Vizcaya3
1643 1400 1763 1439 etiam

113 1470 154 1509 in
186 1468 423 1522 Guipuzcoa
454 1472 495 1507 et
524 1467 714 1507 Navarra.
757 1467 882 1520 MaJo,
913 1466 1038 1506 Junio
1071 1480 1103 1505 c.
1137 1466 1222 1507 flor.
1257 1472 1297 1505 et
1327 1465 1440 1506 fruct.

222 1539 318 1577 751.
384 1534 430 1574 V.
466 1533 748 1585 Chamaedrys
780 1533 823 1572 1..
857 1556 909 1561 —-
941 1532 1000 1572 Pl.
1032 1546 1117 1572 exs.
1151 1533 1240 1573 coll.
1275 1546 1363 1572 ven.
1398 1547 1435 1572 n.
1469 1537 1534 1574 22.

223 1601 269 1642 ln
301 1602 570 1656 graminosis,
602 1602 729 1654 pratis
760 1600 809 1640 ad
840 1613 962 1654 sepes
993 1600 1099 1639 circa
1130 1600 1239 1639 Yrun
1271 1605 1312 1638 et
1344 1600 1440 1639 alibi
1473 1602 1513 1639 in
1545 1600 1763 1641 Cantabria

114 1674 155 1710 et
184 1669 366 1709 Navarra
396 1668 549 1708 boreali
580 1669 772 1721 copiose;
814 1668 852 1706 in
886 1667 1089 1719 Aragonia
1121 1667 1333 1719 superiore
1364 1667 1669 1721 Pyrenaeisque
1699 1681 1765 1708 us-

114 1749 192 1790 que
223 1735 274 1775 ad
303 1737 439 1776 5000¹.
473 1735 749 1788 Apr.—Junio
781 1748 814 1775 c.
848 1733 933 1774 flor.

227 1803 325 1842 Var.
355 1813 549 1852 procera,
581 1800 755 1841 latifolia
787 1799 1035 1856 grandiflora
1065 1799 1387 1854 sesquipedalis:
1420 1800 1469 1841 ad
1499 1814 1622 1855 sepes
1638 1814 1765 1855 prope

113 1869 237 1918 Yrun,
269 1869 367 1910 Dec.
400 1883 432 1909 e.
465 1868 550 1910 flor.

220 1936 316 1976 Var.
345 1947 579 1985 nemorosa,
610 1933 828 1989 parvifolia
860 1933 1008 1975 diffusa
1039 1933 1248 1974 radicans:
1284 1936 1323 1974 in
1355 1934 1588 1976 nemoribus
1609 1934 1766 1976 umbro-

113 2003 172 2042 sis
201 2004 395 2043 montium
427 2016 553 2057 prope
583 2003 694 2043 Yrun
724 2014 827 2041 raro.
861 2001 956 2055 Apr.
988 2014 1021 2040 c.
1054 2000 1139 2041 flor.

217 2073 311 2111 752.
378 2067 424 2109 V.
457 2071 675 2108 scutellam
706 2069 750 2110 L.

222 2137 362 2177 Sierra
405 2135 454 2175 de
487 2134 763 2180 Guadarrama
804 2135 844 2174 in
875 2134 1094 2188 uliginosis
1123 2134 1251 2174 silvae
1282 2134 1404 2175 Pinar
1431 2133 1482 2175 de
1512 2135 1681 2176 Balsai'n
1712 2134 1761 2177 ael

110 2204 179 2244 alt.
212 2218 244 2243 e.
278 2205 415 2244 5000‘.
447 2202 560 2256 Sept.
594 2216 627 2242 c.
660 2202 775 2242 fruct.

222 2273 316 2311 753.
382 2267 431 2309 V.
462 2268 719 2317 fruticulosa
748 2267 791 2307 L.
825 2290 876 2297 —
907 2267 965 2307 Pl.
1000 2281 1085 2307 exs.
1118 2267 1208 2309 coll.
1241 2280 1329 2309 ven.
1363 2281 1399 2309 n.
1431 2271 1511 2308 325
1543 2273 1583 2307 et
1611 2271 1693 2310 386
1722 2269 1757 2309 b.

110 2337 175 2383 (V.
209 2336 396 2375 saxatilis
427 2336 544 2387 chu.
578 2335 621 2375 L.
654 2333 710 2376 fil.
743 2334 792 2374 cf.
827 2333 971 2374 Benth.
1007 2335 1047 2373 in
1079 2333 1215 2374 Prodr.
1246 2334 1291 2373 X.
1326 2349 1362 2388 p.
1394 2337 1505 2381 480.)

235 2401 279 2441 ln
312 2403 536 2454 Pyrenaeis
563 2402 792 2455 Aragoniae
823 2401 863 2440 in
894 2401 1099 2455 glareosis
1129 2401 1311 2454 regionis
1341 2401 1581 2454 subalpinae
1612 2401 1661 2441 ad
1690 2402 1758 2442 alt.
1788 2442 1791 2445 ,

57 2460 61 2462 .
111 2470 423 2510 4000—5500‘:
457 2469 605 2508 Puerto
638 2467 686 2507 de
721 2467 935 2516 Canfranc,
967 2468 1073 2507 circa
1104 2465 1250 2506 balnea
1280 2467 1509 2507 Panticosa.
1566 2467 1692 2508 Junio
1723 2483 1756 2508 c.

113 2534 198 2576 flor.
231 2536 371 2575 Sierra
401 2535 451 2575 de
467 2535 666 2586 Moncayo
700 2535 739 2572 in
771 2535 973 2588 glareosis
995 2534 1134 2573 lateris
1152 2533 1363 2573 orientalis
1379 2533 1427 2574 ad
1447 2534 1514 2573 alt.
1534 2537 1755 2576 4-5000¹.

110 2601 193 2643 Jul.
225 2615 258 2643 e.
290 2601 336 2641 fr.
369 2600 437 2645 (V.
470 2601 657 2641 saxatilis
688 2601 829 2654 chu.)

220 2671 313 2709 754.
384 2666 426 2705 V.
462 2666 607 2706 Ponae
637 2667 827 2707 Gonan.
872 2668 1016 2706 Benth.
1054 2666 1078 2704 Ι.
1111 2679 1142 2704 c.
1177 2679 1213 2718 p.
1246 2669 1338 2707 48¹.
1376 2691 1419 2696 —
1455 2667 1514 2706 ΡΙ.
1547 2680 1630 2708 exs.
1662 2666 1754 2706 coll.

112 2747 199 2773 ven.
235 2737 315 2776 576
347 2734 381 2774 b.

220 2799 264 2839 ln
299 2801 523 2853 Pyrenaeis
555 2801 781 2855 Aragoniae
822 2801 926 2840 inter
968 2800 1070 2839 Casa
1113 2798 1162 2838 de
1193 2799 1234 2838 S.
1271 2797 1398 2838 Anum
1438 2804 1479 2838 et
1520 2799 1667 2840 Puerto
1706 2797 1756 2838 de

111 2866 312 2907 (¹ansranc
340 2880 444 2908 raro.
479 2866 604 2908 Junio
636 2880 668 2906 c.
707 2865 790 2907 flor.
