1867 3215
1652 62 1716 106 33

703 182 1090 225 Geraniaceae.

782 250 1021 293 Geranium.

185 320 277 358 195.
340 316 387 357 G.
420 317 700 356 columbinum
731 314 774 357 L.
835 316 964 358 Rchb.
1008 317 1062 358 Ic.
1094 318 1141 358 V.
1181 315 1209 359 f.
1242 319 1362 360 4875.
1421 316 1480 357 ΡΙ.
1514 329 1600 356 exs.
1632 314 1725 358 con.

72 395 162 423 ven.
194 396 233 423 n.
266 385 360 425 569.

183 449 230 490 In
261 451 469 505 glareosis
500 449 550 490 ad
581 448 745 490 fluvium
775 450 882 505 Arga
920 463 1046 505 prope
1078 451 1203 492 Olave
1233 452 1273 491 in
1303 450 1496 492 Navarra.
1556 449 1652 491 Jun.
1686 463 1720 490 c.

70 516 109 559 ss.
143 521 183 557 et
213 516 260 560 fr.

184 587 273 626 196.
337 581 386 624 G.
416 585 691 636 pyrenaicum
720 582 764 624 L.
825 581 952 625 Rchb.
986 583 1040 624 Ic.
1073 585 1098 624 Ι.
1131 599 1163 625 c.
1197 584 1224 625 f.
1255 587 1379 629 4881.
1417 584 1475 627 ΡΙ.
1508 597 1594 625 exs.
1627 583 1719 625 coll.

70 663 160 692 ven.
193 665 232 691 n.
267 654 347 692 118
378 654 418 690 et
450 653 542 695 169.

181 717 228 758 ln
259 719 520 772 graminosis,
552 718 738 757 arenosis
768 715 1107 769 rupestribusque
1133 716 1336 758 umbrosis
1355 716 1616 768 Cantabriae,
1646 717 1723 757 Na-

68 798 226 834 varrae,
259 786 488 840 Aragoniae
518 785 742 837 superioris
773 784 821 823 ad
854 784 922 823 alt.
955 786 1186 825 0—4500':
1218 798 1345 838 prope
1361 784 1520 835 Bilbao,
1551 786 1591 824 in
1611 784 1723 824 Pena

69 852 283 906 Gorveya,
324 852 442 892 Valle
473 851 522 891 de
551 851 731 899 Baztan,
764 851 912 891 Puerto
944 850 993 891 de
1023 851 1191 902 Belate,
1224 852 1265 890 in
1290 853 1391 906 jugo
1421 852 1568 905 Pyr-en.
1600 852 1721 905 Arag.

70 918 218 959 Puerto
249 919 299 959 de
332 918 544 958 Canfrane.
578 918 703 972 Majo,
734 918 830 958 Jun.
863 933 896 958 c.
929 917 967 957 ss.

183 989 275 1029 197.
341 985 390 1026 G.
421 988 604 1025 lucidum
633 985 676 1026 L.
720 984 848 1025 Rchb.
881 985 935 1025 Ic.
969 984 992 1025 l.
1026 984 1053 1025 f.
1085 987 1195 1027 4872
1226 985 1426 1039 (optimus
1442 985 1487 1035 Ι),
1546 983 1606 1024 ΡΙ.
1639 997 1724 1025 exS.

71 1053 161 1093 coll.
197 1067 286 1094 ven.
320 1067 357 1093 n.
386 1056 478 1094 413.

180 1120 224 1160 ln
268 1121 471 1175 glareosis
518 1117 722 1159 umbrosis
767 1121 806 1158 in
852 1120 1021 1173 regione
1067 1119 1253 1174 fagorum
1300 1120 1449 1160 montis
1496 1119 1725 1175 Aragoniae

68 1188 209 1229 Sierra
239 1187 288 1227 de
319 1188 520 1240 Moncayo
552 1186 602 1226 ad
633 1186 701 1228 alt.
733 1200 765 1226 c.
798 1188 936 1227 3000‘.
968 1186 1050 1226 Jul.
1083 1201 1116 1226 c.
1151 1186 1191 1225 ss.

188 1256 277 1297 198.
341 1254 388 1296 G.
424 1254 729 1293 Robercae'anum
759 1251 802 1292 L.
835 1251 961 1293 Rchb.
995 1253 1049 1292 lc.
1082 1253 1107 1295 l.
1139 1267 1171 1294 c.
1206 1253 1231 1293 f.
1264 1255 1387 1295 4871.

179 1321 225 1362 In
256 1320 511 1376 rupestribus
542 1321 739 1361 calc-areis
774 1334 898 1374 prope
932 1321 1085 1360 Otanez
1114 1322 1155 1360 in
1184 1320 1414 1361 Cantabria.
1446 1320 1556 1376 Majo
1588 1334 1620 1360 c.
1654 1318 1691 1359 fl.

790 1387 1010 1427 Erodium.

179 1459 271 1497 199.
334 1454 386 1495 E.
419 1457 672 1495 cicucarium
711 1452 864 1494 l'Her.
926 1452 1053 1494 Rchb.
1092 1452 1145 1495 Ic.
1179 1454 1205 1494 l.
1239 1469 1271 1497 c.
1304 1453 1329 1497 f.
1360 1457 1481 1496 4864.
1543 1454 1604 1497 ΡΙ.
1635 1468 1719 1495 exs.

67 1523 157 1564 coll.
191 1535 283 1565 ven.
316 1536 354 1562 n.
390 1526 480 1565 127.

179 1589 222 1629 In
253 1587 510 1642 rupestribus
540 1589 739 1630 calcareis
769 1603 896 1644 prope
927 1586 1092 1639 Bilbao,
1126 1589 1167 1629 in
1198 1592 1337 1630 monte
1366 1589 1463 1632 Pico
1494 1585 1545 1629 de
1575 1588 1724 1630 Saran-

65 1661 141 1699 tes.
173 1655 284 1712 Majo
316 1670 349 1697 c.
384 1657 422 1697 ss.

690 1721 1103 1777 Hypericineae.

757 1790 1031 1843 Hypericum.

178 1862 271 1900 200.
334 1857 392 1898 H.
421 1856 690 1909 perforatum
719 1858 763 1899 L.
796 1858 924 1901 Rchb.
957 1859 1009 1901 Ic.
1039 1858 1108 1898 VI.
1140 1857 1167 1898 f.
1201 1859 1321 1899 5177.

179 1925 223 1966 ln
256 1926 432 1966 dumetis
463 1938 589 1979 prope
620 1924 724 1965 Jaca
756 1929 795 1964 et
824 1925 922 1965 alibi
952 1928 992 1965 in
1024 1926 1251 1980 Aragonia,
1289 1926 1331 1964 in
1362 1923 1504 1964 Sierra
1534 1921 1586 1963 de
1617 1923 1727 1965 Gua-

67 1993 253 2034 darrama
283 1994 371 2033 loco
403 1993 553 2033 Puerto
585 1991 635 2031 de
665 1993 896 2032 Reventon.
929 1992 1206 2045 Jun.—Sept.
1239 2004 1271 2030 c.
1304 1990 1342 2033 fl.

180 2064 273 2103 201.
333 2059 391 2099 H.
425 2064 692 2109 tetrapterum
722 2059 798 2102 Fr.
830 2058 958 2099 Rchb.
991 2059 1044 2099 Ic.
1077 2059 1146 2099 Vl.
1179 2061 1299 2100 5179.

185 2127 244 2168 Ad
275 2140 399 2181 sepes
433 2140 559 2180 prope
590 2127 728 2166 Banos
770 2127 810 2166 in
842 2125 1047 2167 montibus
1078 2127 1183 2165 inter
1213 2124 1433 2165 Plasencia
1464 2127 1505 2164 et
1532 2122 1656 2179 Bejar
1686 2124 1728 2164 in

68 2193 300 2235 Extremad.
335 2195 419 2234 oet.
451 2207 484 2234 c.
515 2193 555 2234 ss.
588 2197 628 2233 et
659 2192 706 2232 fr.

177 2264 270 2302 202.
330 2259 389 2301 H.
421 2261 685 2312 humifusum
714 2259 758 2301 L.
819 2258 947 2300 Rchb.
988 2259 1041 2300 lc.
1074 2260 1142 2300 VI.
1176 2257 1202 2301 f.
1235 2261 1357 2301 5176.
1415 2258 1474 2299 ΡΙ.
1512 2270 1597 2299 exS.
1631 2255 1724 2301 con.

66 2341 157 2368 ven.
190 2341 229 2367 n.
262 2330 353 2370 197.

177 2393 224 2434 In
255 2395 442 2435 arenosis
482 2394 588 2434 inter
616 2393 915 2434 Fuenterrabia
945 2397 985 2434 et
1015 2394 1294 2434 sanctuarium
1326 2392 1372 2432 N.
1406 2393 1451 2432 S.
1482 2391 1532 2432 de
1563 2390 1722 2432 Guada-

68 2460 165 2515 lupe
195 2462 235 2500 in
267 2461 517 2514 Guipuzcoa.
549 2461 674 2501 Junio
706 2475 738 2501 c.
772 2461 810 2500 ss.

175 2531 268 2568 203.
331 2528 387 2568 H.
417 2527 719 2576 linearit'olz‘um
749 2527 891 2568 vahl.
925 2528 1049 2568 Gren.
1085 2526 1207 2568 Godr.
1238 2526 1300 2567 ΕΙ.
1321 2525 1371 2567 de
1400 2525 1465 2567 Fr.
1497 2524 1529 2566 1.
1560 2539 1600 2579 p.
1625 2527 1717 2566 316.

66 2591 194 2633 Rchb.
237 2594 291 2634 Ic.
324 2592 392 2634 VI.
429 2594 455 2634 f.
488 2597 596 2635 5190
626 2591 663 2634 b.

181 2659 226 2700 In
258 2661 365 2701 vaile
396 2660 508 2701 fluvii
540 2660 742 2701 Bidassoa
771 2661 877 2701 inter
906 2662 1018 2702 Yrun
1050 2665 1091 2701 et
1122 2660 1229 2701 Bera
1262 2659 1377 2702 raro!
1409 2658 1506 2701 Jun.
1539 2672 1573 2699 c.
1602 2657 1644 2698 fl.

179 2730 272 2768 204.
331 2727 386 2767 H.
418 2733 694 2767 comencosum
724 2727 767 2768 L.
802 2729 858 2769 Pl.
891 2741 976 2769 exs.
1009 2728 1102 2768 coll.
1135 2741 1224 2770 ven.
1257 2741 1295 2767 n.
1327 2729 1409 2768 478
1439 2730 1479 2765 et
1510 2727 1604 2767 506.

181 2793 227 2833 In
257 2794 473 2846 ruder-atis,
504 2793 555 2834 ad
585 2793 722 2835 fossas
752 2796 858 2835 inter
886 2793 1010 2836 Viver
1040 2799 1081 2836 et
1111 2793 1252 2836 Jerica
1281 2795 1321 2833 in
1352 2805 1480 2847 regno
1511 2791 1720 2833 valentino

1465 2868 1486 2901 5
