1867 3215
129 80 222 126 124

865 208 1033 259 Nepeta.

237 278 331 317 818.
391 273 440 317 Ν,
472 273 682 324 Nepetella
712 275 754 314 L.
788 289 827 316 α.
859 277 999 326 major
1026 275 1171 316 Bentb.
1204 277 1225 315 l.
1260 289 1290 315 c.
1326 290 1362 330 p.
1396 278 1489 317 383.

241 342 286 380 ln
318 340 575 394 rupestribus
606 343 756 394 apricis
787 355 912 396 prope
944 356 1089 397 pagum
1116 342 1268 382 Prados
1288 341 1509 382 Redondos
1541 346 1580 382 et
1611 343 1706 383 alibi
1738 346 1777 384 in

131 409 300 462 planitie
330 408 411 446 alta
453 408 558 446 circa
589 406 745 448 Molina
786 409 834 448 de
875 411 1048 464 Aragon.
1111 409 1223 450 Julio
1264 423 1296 449 c.
1329 408 1414 447 flor.
1473 407 1516 448 ln
1559 413 1778 464 gypsaceis

133 475 422 530 argillosisque
462 474 739 528 salsuginosis
779 477 886 516 inter
916 476 1141 531 Horcajada
1182 481 1222 515 ct
1265 474 1497 515 Tarrancon
1528 478 1567 516 in
1601 477 1779 518 castella

130 555 236 581 nova
279 545 399 594 atque
442 554 569 595 prope
601 541 781 595 Segovia
827 545 868 582 iu
912 544 1090 583 Castella
1136 548 1273 583 vetere
1304 542 1448 594 (forma
1494 542 1605 583 foliis
1648 546 1780 600 magis

132 610 389 658 tomentosis,
423 608 724 648 verticillastris
755 611 794 649 in
826 624 1028 650 racemum
1062 614 1312 663 compactum
1347 611 1568 664 congestis.
1600 611 1659 651 ΡΙ.
1693 625 1777 653 exs.

131 676 229 715 coll.
252 689 342 714 ven.
376 688 413 713 n.
447 675 556 725 535.)
584 676 681 735 Aug.
715 676 828 731 Sept.
862 693 894 717 c.
928 678 1010 717 flor.
1044 682 1084 716 et
1115 678 1160 717 fr.

249 732 293 787 β.
326 744 493 780 humilis
522 733 668 781 B'enth.
703 745 727 785 l.
762 759 794 785 c.
829 746 975 785 Forma
1007 746 1266 795 multicaulia.
1299 745 1388 784 basi
1428 744 1545 784 valde
1576 744 1783 787 suffrutes-

131 822 242 851 cens.
273 810 331 849 ΡΙ.
364 823 449 850 exs.
481 810 567 848 coll.
603 824 691 850 ven.
724 826 760 852 n.
795 816 887 853 450.

249 875 292 915 ln
339 877 459 916 cultis
507 876 714 917 derelictis
769 880 1059 933 sterilibusque
1110 892 1235 933 prope
1278 879 1435 918 Daroca
1487 880 1525 917 in
1582 879 1784 935 Aragonia

133 944 305 983 australi
337 943 543 996 frequens.
605 944 717 985 Julio
749 960 781 986 c.
816 946 901 986 flor.

240 1013 334 1051 819.
396 1009 448 1049 Ν.
470 1009 690 1050 Glechoma
723 1012 905 1053 Bentb.
938 1014 962 1054 l.
984 1028 1014 1052 c.
1038 1028 1073 1066 p.
1096 1016 1186 1054 391.
1224 1012 1460 1062 (Glechoma
1480 1012 1704 1053 hederacea
1721 1013 1784 1067 L.)

246 1078 302 1118 Ad
331 1092 454 1130 sepes
495 1092 620 1131 prope
662 1080 796 1128 Yrun,
841 1080 985 1119 Bilbao
1019 1086 1094 1119 etc.
1145 1082 1183 1119 in
1225 1079 1466 1128 Cantabria,
1511 1081 1551 1119 in
1589 1081 1781 1129 Navarra,

134 1147 360 1201 Aragonia3
394 1158 465 1198 per
496 1149 621 1184 totam
653 1145 908 1200 Hispaniam.
968 1146 1078 1200 lllajo
1110 1161 1143 1187 c.
1173 1146 1257 1185 flor.

844 1212 1057 1253 Prunella.

116 1292 158 1330 ,‘
247 1283 341 1320 820.
404 1277 454 1318 P.
490 1278 764 1330 hyssopifol‘ia
795 1280 960 1320 Lamk.
995 1280 1138 1323 Benth.
1180 1281 1204 1319 l.
1237 1293 1269 1319 c..
1302 1294 1338 1333 p.
1370 1284 1463 1322 409.
1510 1305 1562 1310 —
1608 1281 1665 1323 Pl.
1697 1295 1782 1322 exs.

133 1346 224 1386 coll.
258 1359 349 1385 ven.
383 1359 420 1385 n.
455 1349 546 1387 379.

252 1412 296 1452 ln
330 1414 558 1468 margaceis
603 1412 728 1452 aridis
772 1415 880 1453 inter
923 1414 1027 1454 Jaca
1072 1418 1112 1454 et
1143 1415 1184 1454 S.
1220 1415 1328 1455 Juan
1373 1415 1492 1468 dela
1521 1415 1633 1455 Pena
1676 1427 1781 1455 raro.

135 1480 217 1521 Jul.
250 1494 282 1522 c.
315 1480 400 1520 flor.
1300 1516 1304 1524 ,

251 1550 344 1588 821.
408 1545 457 1586 P.
473 1549 730 1600 qrondillora
763 1547 960 1587 Miincli.
996 1547 1126 1587 Benth
1177 1548 1199 1587 l.
1220 1562 1250 1588 c.
1283 1572 1334 1577 —
1369 1548 1423 1589 ΡΙ.
1457 1562 1539 1587 exs.
1572 1548 1662 1589 coll.
1697 1562 1785 1588 ven.

137 1627 175 1654 n.
207 1618 298 1655 102.

254 1681 311 1722 Ad
341 1682 455 1730 vias,
500 1681 541 1719 in
573 1680 799 1734 glareosis,
847 1683 1117 1736 graminosis,
1165 1681 1409 1721 Cantabriae
1452 1683 1554 1721 satis
1597 1683 1786 1735 copiose:

140 1750 245 1787 inter
275 1748 384 1787 Yrun
417 1752 458 1786 et
493 1747 716 1796 Reman-ia,
764 1749 870 1787 circa
910 1749 1105 1795 Hernani‚
1145 1749 1319 1798 'rolosa,
1367 1748 1639 1796 villafranca,
1683 1750 1788 1789 inter

139 1817 418 1856 Somorrostro
451 1819 490 1854 et
523 1815 725 1867 Sopuerta
758 1818 834 1856 etc.
868 1815 976 1869 Majo
1009 1830 1038 1854 c..
1074 1815 1158 1855 stor.
1235 1815 1366 1854 Etiam
1406 1817 1445 1855 in
1477 1816 1655 1855 Navarra
1695 1814 1787 1860 (Val

139 1882 189 1922 de
220 1882 404 1932 Bartun),
437 1882 638 1936 Aragonia
673 1884 885 1935 superiore
917 1887 1036 1935 atque
1068 1884 1106 1920 in
1136 1883 1275 1921 Sierra
1305 1882 1353 1921 «le
1370 1883 1569 1935 Moncayo
1602 1883 1641 1921 in
1674 1895 1788 1936 quer-

138 1951 242 1989 oetis
274 1949 414 1988 lateris
444 1950 716 2002 aragonensis
747 1954 884 1996 (raro).
915 1950 1012 1990 Jun.
1045 1949 1127 1989 Jul.
1161 1962 1192 1987 c.
1228 1948 1312 1988 flor.

248 2018 343 2057 822.
406 2014 454 2055 P.
487 2018 672 2068 vulqaris
706 2015 748 2054 L.

256 2083 312 2122 Ad
344 2084 449 2121 viam
481 2084 639 2137 regiam
672 2084 777 2122 inter
808 2084 1087 2123 Somorrostro
1121 2087 1160 2121 et
1192 2083 1395 2134 Sopnerta
1426 2087 1466 2122 et
1496 2082 1592 2122 alibi
1623 2083 1661 2121 in
1690 2082 1788 2122 Gan-

143 2151 286 2197 tabria‚
321 2163 408 2189 cum
442 2149 702 2202 praecedente
733 2149 804 2189 sed
838 2151 976 2188 rarior.
1037 2149 1145 2202 Majo
1178 2163 1208 2189 c.
1244 2149 1327 2188 flor.

252 2220 346 2258 823.
411 2215 457 2256 P.
490 2218 697 2256 laciniam
729 2216 772 2256 1..
808 2240 854 2245 —
890 2217 948 2255 Pl.
969 2207 1051 2255 ess.
1082 2216 1170 2255 coll.
1204 2229 1293 2255 ven.
1328 2230 1366 2256 n.
1399 2219 1492 2257 265.
1525 2215 1585 2259 (Ρ.
1614 2215 1795 2270 vulgaris

143 2273 181 2331 ζ.
212 2284 403 2323 laciniata
435 2282 581 2322 Bentb.
615 2284 639 2321 l.
672 2296 705 2322 c.
738 2297 774 2335 p.
805 2284 916 2331 411.)

257 2351 301 2389 ln
335 2351 543 2405 glareosis
573 2350 770 2389 caleni-eis
801 2350 950 2401 apricis
983 2350 1086 2387 inter
1118 2347 1296 2387 Liedena
1326 2352 1367 2387 et
1397 2349 1506 2388 Yesa
1547 2350 1585 2388 in
1616 2347 1795 2388 Navarra.

141 2423 262 2472 atque
295 2420 333 2457 in
367 2418 471 2457 valle
502 2416 612 2456 fluvii
648 2417 807 2471 Aragon
839 2418 942 2455 satis
974 2417 1151 2469 copiose.
1213 2416 1338 2455 Junio
1371 2430 1402 2454 c.
1437 2414 1521 2454 flor.

874 2483 1055 2521 Oceania.

252 2555 346 2594 824.
407 2550 466 2592 Pl.
500 2552 725 2588 lusitaniam
757 2549 803 2588 ¹¹.
835 2548 978 2588 Benth.
1013 2549 1035 2586 Ι.
1070 2562 1101 2587 c.

259 2617 441 2658 Abundat
473 2618 511 2656 in
546 2617 733 2655 arenosis
765 2618 991 2668 pinetorum
1024 2616 1226 2654 Serraniae
1259 2615 1309 2654 «le
1337 2614 1523 2664 Caenea,
1554 2615 1620 2654 ubi
1650 2615 1795 2670 plagas

147 2689 288 2725 vastas
320 2686 486 2738 obtegit.
548 2685 714 2737 August.
750 2683 852 2720 nied.
885 2697 917 2721 c.
953 2683 1096 2721 semin.
1130 2687 1220 2719 inat.
1253 2682 1326 2721 sed
1359 2683 1503 2720 exsicc.

265 2753 360 2790 00³.
421 2751 452 2790 E
484 2750 712 2789 seminibus
744 2751 927 2789 collectis
956 2751 1198 2802 germinavit
1243 2750 1282 2787 in
1314 2747 1428 2787 horto
1460 2748 1540 2788 bot.
1573 2747 1794 2801 Lipsiensi,

146 2817 212 2857 ubi
243 2822 389 2857 aestate
424 2820 522 2858 1851
559 2816 828 2870 pulcherrime
860 2817 1040 2856 florebat.
