1867 3215
1620 117 1686 162 39

43 231 200 285 apicem
244 230 284 270 in
326 241 510 271 racemos
553 229 702 270 breves
742 230 894 273 densos
935 234 1168 289 congestis3
1216 234 1444 290 segmentis
1489 236 1688 290 calycinis

41 297 328 353 inaequalibus
347 327 357 346 ,
386 297 668 351 superioribus
699 299 1020 354 triangularibus
1047 301 1179 341 acutis
1209 302 1305 342 tubo
1336 301 1688 358 subaequilongis,

34 357 236 404 'inferiore
265 365 548 419 superioribus
576 364 764 419 longiore
794 366 1035 408 cuneiformi
1065 366 1221 418 trifid03
1254 369 1402 408 vexillo
1433 371 1570 409 carina
1601 371 1695 411 bre·

41 433 154 473 viore
193 435 313 473 ovato
345 432 491 472 obtuso
521 431 785 487 subintegro‚
826 435 963 474 carina
993 434 1154 475 demum
1183 434 1360 489 pendula
1389 437 1589 491 genitalia
1620 451 1687 478 ex-

42 498 245 550 cludente,
277 499 355 539 alis
384 500 574 554 angustis
605 499 753 538 vexillo
784 499 1051 542 brevioribus.

154 566 256 606 Hab.
297 567 339 606 in
380 566 585 606 consortio
617 565 664 607 G.
695 568 912 606 tinctoriae
950 568 990 607 in
1027 569 1193 622 pascuis
1233 569 1355 609 siccis
1392 582 1519 624 prope
1549 571 1690 613 urbem

41 633 265 686 Pamplona
302 633 352 673 ad
382 634 448 673 alt.
482 646 516 673 c.
550 634 696 682 1350‘,
737 633 805 674 ubi
835 634 901 674 die
934 637 985 677 17
1014 633 1130 675 Junii
1161 634 1373 675 florentem
1404 636 1511 691 legi,
1542 641 1689 682 rarius.
1758 684 1767 687 ,

150 700 301 741 Frutex
341 699 506 740 humilis
547 699 881 754 elegantissimus
923 701 1175 742 floribundus
1214 715 1237 741 e
1267 702 1513 757 subgeneris
1542 703 1690 745 Sceno-

42 769 162 819 carpi
198 767 372 821 Spach.
405 768 588 807 sectione
608 766 692 807 -111.
726 768 981 821 Spartioide,
1026 768 1184 809 subdiv,
1216 770 1396 809 secunda
1427 772 1515 819 (vel
1545 785 1568 812 e
1598 786 1689 813 sec-

43 835 154 874 tione
193 835 360 889 generis
400 834 572 873 Genista
603 833 684 888 ΠΙ.Υ
714 833 944 890 Eugenista
983 835 1106 878 Gren.
1138 835 1260 877 Godr.
1301 834 1361 876 Fi.
1403 835 1454 876 de
1483 838 1548 878 Fr.
1582 838 1612 878 1.
1648 854 1685 892 p.

43 904 161 949 351.)
188 903 305 957 juxta
337 901 385 941 G.
414 903 667 952 pulchellum
696 902 800 944 Vis.
844 906 885 942 et
917 901 967 942 G.
998 904 1197 942 sericeam
1228 902 1384 946 Wulf.
1415 904 1689 947 collocandus.

42 969 162 1008 Rami
193 970 345 1009 vetusti
375 969 690 1022 procumbentes
720 968 816 1009 nudi
849 971 999 1009 cortice
1028 968 1330 1025 griseo-fusco
1362 973 1528 1022 vestiti,
1560 974 1693 1027 junio⁴

41 1048 109 1074 res
139 1035 374 1088 novellique
416 1037 543 1076 erecti
573 1035 811 1089 thyrsoidei.
850 1036 1036 1088 >Ramuli
1068 1036 1233 1085 novelli,
1270 1037 1425 1089 foliola,
1456 1038 1692 1093 pedunculi,

43 1103 234 1156 calyces,
281 1104 471 1144 vexillum
519 1107 561 1144 et
607 1105 745 1143 carina
787 1104 950 1144 sericei.
1009 1103 1127 1144 Folia
1158 1103 1308 1144 nodulo
1351 1105 1573 1147 insidentia
1613 1109 1692 1149 3¹1¹

41 1170 164 1226 longa
196 1170 617 1211 obovato-lanceolata
647 1171 711 1210 vel
742 1170 973 1210 lanceolata
1003 1172 1257 1211 acutiuscula
1287 1172 1405 1213 valde
1423 1174 1606 1214 involuta
1636 1177 1692 1216 ita

41 1240 84 1276 ut
113 1239 409 1293 angustissima
447 1242 488 1278 et
518 1238 743 1278 subteretia
774 1241 1013 1291 appareant.
1070 1237 1240 1278 Racemi
1270 1241 1437 1293 capitati
1468 1240 1692 1285 multiflori.

39 1304 300 1346 Pedunculus
330 1306 470 1359 calyce
500 1306 662 1345 brevior
693 1305 767 1344 sub
800 1305 940 1358 calyce
970 1306 1125 1344 minute
1157 1307 1573 1350 1——2-bracteolatus.
1615 1309 1693 1349 Ve-

42 1373 182 1413 xillum
213 1373 354 1426 calyce
385 1372 506 1426 duplo
539 1372 702 1426 longius
736 1372 923 1411 obtusum
955 1376 1024 1412 aut
1054 1373 1199 1412 leviter
1228 1375 1537 1428 emarginatum.
1594 1377 1693 1416 Alae

42 1442 179 1479 carina
219 1441 344 1479 multo
387 1440 661 1494 angustiores.
724 1438 872 1479 Carina
912 1438 1187 1479 cultriformis.
1247 1440 1452 1482 Antherae
1496 1442 1688 1484 lineares.

41 1507 202 1562 Stigma
233 1495 444 1547 minutum.
504 1505 715 1560 Legumen
745 1519 825 1546 non
857 1505 950 1547 vidi.
1010 1505 1156 1546 Flores
1186 1508 1313 1547 aurei.

152 1570 300 1614 Affinis
333 1572 380 1614 G.
410 1575 644 1623 pulchellae
672 1574 775 1613 Vis.
807 1572 876 1620 (cf.
908 1573 1101 1627 descript.
1134 1574 1183 1614 cl.
1214 1574 1336 1615 Gren.
1369 1578 1410 1614 et
1443 1575 1564 1619 Godr.
1597 1577 1623 1617 l.
1655 1591 1689 1618 c.

41 1644 81 1681 et
111 1642 268 1682 iconem
303 1639 352 1681 G.
391 1639 674 1680 Villarsimae
703 1639 841 1681 Jord.
885 1653 989 1694 quae
1019 1639 1186 1681 secund.
1218 1641 1267 1683 cl.
1299 1645 1422 1682 auctt.
1453 1642 1561 1683 Flor.
1592 1645 1690 1699 gall.

39 1708 218 1749 identica
249 1721 337 1749 cum
371 1705 418 1747 G.
448 1709 678 1758 pulc-heila,
716 1708 758 1747 in
788 1707 902 1748 Jord.
938 1707 1032 1751 obs.
1062 1707 1224 1763 Fragm.
1256 1708 1323 1748 VI.
1354 1709 1408 1763 pl.
1450 1710 1501 1750 11.
1532 1711 1621 1761 A.),
1665 1725 1690 1752 a

41 1789 120 1830 qua
158 1774 294 1816 differt
331 1775 455 1815 ramis
495 1775 621 1814 multo
661 1775 797 1815 minus
835 1774 1196 1828 procumbentibus
1227 1789 1444 1830 numquam
1475 1777 1692 1819 radicanti-

39 1844 140 1893 bus,
171 1842 340 1882 ramulis
369 1841 620 1896 thyrsoideis
651 1841 890 1882 floribundis
921 1842 1112 1887 (floribus
1142 1841 1229 1882 fere
1260 1844 1507 1893 occultatis),
1537 1845 1691 1900 pedun-

40 1911 145 1951 culis
174 1909 451 1960 bracteolatis,
482 1909 622 1963 calyce
653 1907 850 1961 adpresse
880 1910 1038 1949 sericeo
1071 1914 1173 1958 (non
1205 1912 1400 1963 patentim
1419 1912 1565 1965 piloso,
1596 1927 1691 1969 seg-

41 1978 192 2018 mentis
241 1976 548 2029 inaequalibus,
594 1975 762 2016 corollis
800 1976 1046 2031 majoribus,
1091 1976 1170 2016 alis
1214 1977 1340 2018 multo
1383 1979 1692 2034 angustioribus

40 2050 81 2086 et
121 2045 339 2100 praecipue
378 2043 566 2084 foliorum
604 2046 807 2084 structura
847 2043 1060 2096 peculiari.
1129 2043 1320 2097 Denique
1361 2043 1523 2086 habitus
1566 2048 1690 2100 plane

42 2113 161 2152 alius.
221 2112 254 2151 A
286 2111 334 2151 G.
365 2113 528 2150 sericea
558 2109 745 2150 foliorum
776 2113 994 2160 structura,
1025 2110 1195 2150 ramulis
1225 2111 1469 2160 multifloris,
1501 2127 1691 2169 segmen-

42 2181 95 2218 tis
126 2178 323 2232 calycinis
354 2178 635 2232 superioribus
668 2178 763 2217 tubo
795 2177 1054 2232 aequilongis
1084 2182 1177 2224 (nec
1194 2191 1242 2218 eo
1260 2177 1690 2235 duplolongioribus),

41 2246 180 2285 carina
219 2244 368 2284 vexillo
408 2245 618 2301 longiore,
658 2244 736 2285 alis
775 2245 916 2284 carina
952 2243 1208 2285 brevioribus
1247 2249 1414 2301 totoque
1454 2246 1594 2289 habitu
1633 2247 1692 2289 di·

41 2314 192 2353 stincta
222 2316 298 2351 est.
512 2328 513 2331 ¹

153 2382 247 2420 241.
306 2377 355 2419 G.
384 2379 537 2430 florida
566 2378 609 2419 L.
643 2377 777 2432 Spach
809 2378 834 2418 1.
868 2393 900 2421 c.
931 2378 991 2419 ΡΙ,
1021 2391 1106 2419 exs.
1136 2380 1228 2420 coll.
1261 2393 1350 2422 ven.
1383 2394 1423 2422 n.
1453 2384 1549 2424 405.

155 2445 201 2486 In
233 2447 438 2499 quercetis
468 2447 509 2485 in
540 2445 669 2486 latere
700 2446 949 2501 aragonensi
977 2447 1128 2486 montis
1152 2447 1292 2488 Sierra
1321 2447 1371 2489 de
1407 2447 1610 2502 Moncayo
1639 2448 1692 2491 ad

44 2513 113 2555 alt.
155 2526 189 2552 c.
231 2514 355 2553 ποθ’
395 2514 589 2566 copiose,
629 2513 713 2555 Jul.
745 2526 777 2552 c.
812 2512 876 2561 fl.;
920 2513 961 2552 in
992 2512 1218 2555 declivibus
1247 2514 1511 2556 inferioribus
1540 2517 1692 2558 montis

44 2581 183 2620 Sicrra
219 2578 268 2619 de
297 2579 577 2620 Guadar'rama'
614 2593 744 2634 usque
783 2579 833 2620 ad
863 2580 932 2623 alt.
961 2582 1088 2622 300o¹
1114 2583 1218 2622 satis
1246 2582 1513 2623 abundanter.
1573 2584 1690 2637 Sept.

46 2660 79 2686 c.
112 2645 160 2685 fr.

156 2715 250 2752 242.
312 2710 360 2753 G.
391 2713 934 2769 micranthaOrtegaDC.
966 2713 1035 2756 Vl.
1067 2729 1105 2768 p.
1139 2718 1204 2757 68.
1237 2716 1317 2757 tab.
1353 2720 1415 2758 10.
1447 2714 1473 2757 f.
1510 2719 1544 2756 1.
1578 2716 1687 2763 (icon

46 2779 299 2832 pessimusl)
356 2779 416 2822 ΡΙ.
457 2794 542 2820 exs.
584 2780 675 2821 coll.
716 2793 805 2820 ven.
844 2793 884 2820 n.
917 2784 1010 2822 404.
1069 2781 1135 2830 (G.
1167 2783 1320 2824 tenella
1351 2782 1492 2823 Willk.
1525 2783 1566 2822 in
1597 2781 1688 2823 Bot-

47 2845 147 2886 Zeit.
182 2848 299 2887 1847.
333 2846 375 2887 S.
408 2848 503 2898 426,
534 2846 601 2889 ubi
632 2846 681 2889 cf.
713 2846 929 2901 descript.)
