1867 3215
157 78 265 130 2152

276 210 323 251 ln
355 209 504 263 pinetis
533 208 684 248 montis
714 207 825 248 Pena
850 207 901 248 de
933 208 1055 248 Oroel
1084 220 1187 249 raro.
1247 210 1373 250 Junio
1405 222 1437 251 c.
1469 209 1554 250 flor.

895 274 1078 316 Smila-v.

280 347 397 385 1012.
459 341 546 383 Sm.
578 354 730 392 aspera
759 341 802 382 L.
836 342 963 382 Rchb.
1007 342 1059 386 lc.
1092 343 1117 383 Ι.
1149 358 1181 386 c.
1213 342 1238 384 f.
1270 346 1362 385 970.
1412 368 1461 374 -
1508 343 1566 383 ΡΙ.
1599 356 1684 387 exs,
1715 343 1804 383 coli.

167 424 256 452 ven.
289 424 325 451 n.
360 413 451 451 132.

276 478 322 518 ln
353 477 522 531 sepibus
551 476 809 532 dumetisque
839 490 965 532 prope
996 477 1139 519 Bilbao
1171 484 1245 519 etc.
1279 480 1318 518 in
1351 478 1589 526 Cantabria3
1639 492 1710 532 per
1749 483 1805 517 to-

165 552 245 586 tam
274 545 527 598 Hispaniam.
587 544 696 599 majo
727 560 761 586 c.
795 545 910 586 fruct.
943 550 1037 588 mat.

278 611 369 653 Oba.
431 613 566 667 Stirps
598 611 807 667 hispanica
836 614 1077 667 plerumque
1107 612 1243 652 baccis
1273 611 1424 667 gaudet
1454 613 1595 668 nigris.

891 678 1070 722 Ruscus.

278 751 397 790 1013.
456 746 507 787 R.
539 749 755 786 aculeatas
785 747 826 789 L.
857 747 983 787 Rchb.
1018 747 1071 787 Ic.
1105 748 1129 789 Ι.
1163 762 1195 787 c.
1229 746 1256 786 f.
1287 750 1380 788 968.

276 814 322 855 In
354 814 523 869 sepibus
552 813 808 868 dumetisque
842 812 1043 854 umbrosis
1073 828 1200 868 prope
1231 815 1365 862 Yrun,
1398 813 1542 852 Biibao
1573 817 1613 852 et
1643 814 1738 852 aiibi
1771 815 1809 853 in

170 882 402 931 Cantabria,
436 881 545 937 Majo
576 881 750 922 nondum
783 881 895 932 flor.;
941 906 993 913 —
1041 884 1080 922 in
1125 883 1231 922 valle
1271 881 1382 920 fluvii
1412 881 1530 920 Jerte
1567 893 1692 935 prope
1722 881 1809 921 Pia-

166 951 306 989 sencia
336 950 440 989 inter
469 962 568 989 saxa
599 950 814 1003 granitica,
847 950 986 989 Octob.
1019 949 1111 989 den.

851 1015 1116 1056 Dim-oreae.

278 1087 397 1126 1014.
459 1083 619 1124 Tamus
648 1086 878 1123 communis
908 1082 948 1123 L.
983 1083 1112 1123 Rchb.
1154 1083 1207 1125 lc..
1240 1085 1264 1124 Ι.
1297 1097 1330 1123 c.
1362 1082 1387 1124 f.
1418 1085 1511 1124 971.
1543 1105 1594 1112 -
1631 1082 1688 1123 ΡΙ.
1720 1095 1804 1124 exs.

165 1152 258 1192 coil.
290 1165 380 1192 ven.
411 1165 448 1193 n.
482 1155 607 1192 1218.

279 1219 322 1259 ln
352 1220 518 1272 sepibus
550 1232 675 1272 prope
705 1217 863 1265 Biihao,
889 1217 1123 1265 Pamcaldo,
1156 1218 1436 1257 Somorrostro
1467 1220 1508 1255 et
1538 1215 1633 1255 aiibi
1651 1216 1689 1255 in
1707 1215 1808 1255 Can-

167 1287 318 1335 tabria3
361 1288 401 1325 in
434 1286 613 1326 Navarra
643 1284 692 1325 ad
724 1284 887 1324 fluvium
921 1286 1027 1339 Arga
1069 1298 1194 1338 prope
1236 1284 1360 1324 Olave
1401 1287 1503 1330 etc,
1549 1284 1587 1321 in
1631 1282 1807 1322 dumetis

167 1354 284 1395 collis
316 1353 425 1394 fluvii
461 1355 632 1408 Aragon,
666 1376 719 1382 »-
749 1366 821 1405 per
853 1358 976 1391 totam
1007 1352 1259 1405 Hispaniam.
1319 1350 1453 1406 Majo,
1499 1349 1624 1390 Junio
1655 1363 1688 1389 c.
1721 1349 1805 1391 flor.

841 1419 1128 1459 Liliaceae.

829 1485 1143 1537 Erycloeronium.

285 1559 402 1597 1015.
462 1554 515 1595 Ε.
546 1557 648 1594 dens
676 1555 792 1594 canis
821 1553 852 1593 L
894 1552 1021 1593 Rchb.
1061 1552 1114 1593 lc.
1148 1553 1196 1593 X.
1230 1552 1255 1592 f.
1289 1555 1381 1594 973.

281 1622 326 1662 ln
358 1622 607 1677 graminosis
635 1622 837 1662 muscosis
866 1622 905 1661 in
946 1633 1104 1661 summo
1139 1622 1240 1674 jugo
1283 1619 1505 1659 cacuminis
1543 1619 1730 1673 granitici
1770 1618 1808 1658 18

169 1689 285 1743 Haya
301 1703 428 1745 prope
442 1689 567 1738 Yrun,
583 1689 693 1744 Majo
710 1703 743 1729 c.
762 1688 845 1729 flor.
879 1689 1048 1729 Unicum
1065 1688 1273 1741 specimen
1291 1685 1376 1726 fere
1392 1685 1630 1726 defloratum
1654 1684 1807 1738 reperi!

824 1755 1153 1804 Ornithoyalum.

283 1827 401 1865 1016.
461 1824 796 1875 apyrenaicum
814 1823 860 1864 L.
891 1835 972 1862 non
1003 1825 1154 1862 auctor.
1187 1843 1242 1850 -
1270 1819 1398 1861 Rchb.
1438 1819 1492 1859 Ic.
1522 1819 1548 1860 Ι.
1567 1833 1599 1860 c.
1628 1819 1655 1859 f.
1688 1822 1805 1861 1028.

281 1891 326 1930 ln
357 1892 485 1945 pratis
515 1892 621 1931 inter
651 1891 805 1931 Tolosa
835 1894 875 1930 et
903 1890 1082 1930 Hernani
1115 1889 1154 1927 in
1180 1889 1416 1942 Guipuzcoa
1445 1899 1550 1928 raro.
1581 1886 1690 1942 Majo
1707 1900 1740 1926 c.
1768 1886 1805 1926 fl.

911 1957 1064 2010 Gaqea.

281 2029 400 2068 1017.
464 2024 512 2065 G.
545 2024 737 2065 Liocardi
766 2025 813 2066 R.
846 2025 887 2066 S.
920 2024 1046 2063 Rchb.
1085 2022 1138 2062 lc.
1169 2022 1194 2061 Ι.
1229 2035 1261 2061 c.
1294 2020 1320 2062 fi
1358 2024 1472 2062 1041.

281 2092 328 2132 ln
352 2093 579 2146 Pyrenaeis
595 2093 824 2148 Aragoniae
853 2089 1141 2146 injpinguibus
1169 2088 1289 2128 valiis
1319 2087 1422 2137 has,
1454 2087 1504 2128 ad
1533 2086 1603 2127 ait.
1634 2099 1669 2126 c.
1686 2088 1811 2127 5000‘

169 2173 274 2202 raro.
333 2160 459 2201 Juuio
489 2173 524 2200 c.
555 2158 640 2200 flor.

910 2224 1054 2264 Scilla.

282 2298 400 2338 1018.
460 2292 531 2334 Sc.
562 2295 820 2333 autumnalis
852 2292 894 2333 L.
927 2289 1055 2332 Rchb.
1094 2289 1147 2330 lc.
1182 2289 1206 2330 Ι.
1240 2302 1272 2328 c.
1304 2287 1332 2328 f.
1368 2291 1485 2329 1012.
1532 2310 1586 2319 -
1630 2285 1688 2327 ΡΙ.
1722 2299 1806 2327 exa.

173 2363 262 2403 coli.
297 2375 385 2402 ven.
419 2374 456 2400 n.
488 2362 580 2402 556.

278 2429 323 2469 ln
355 2435 463 2469 terra
495 2428 636 2481 pingui
666 2428 771 2467 inter
801 2440 902 2467 saxa
931 2426 1130 2481 granitica
1158 2423 1320 2463 coliium
1350 2423 1454 2463 inter
1485 2420 1524 2461 el
1548 2419 1729 2461 Escoriai
1767 2424 1807 2459 et

168 2497 229 2537 ias
259 2496 396 2536 Rom
426 2494 476 2535 ad
507 2495 611 2535 viam
642 2496 797 2548 regiam
827 2495 996 2534 sitorum
1029 2491 1181 2544 passim
1213 2490 1391 2542 copiose.
1452 2488 1565 2540 sept.
1600 2501 1633 2527 c.
1667 2485 1753 2526 flor.

285 2566 401 2604 1019.
461 2560 527 2601 Sc.
559 2573 689 2600 verna
720 2560 871 2600 Huds.
903 2559 1031 2601 Rchb.
1070 2557 1124 2599 lc.
1157 2556 1181 2596 Ι.
1215 2569 1248 2596 c.
1290 2555 1314 2595 f.
1361 2558 1476 2597 1010.
1525 2577 1578 2585 -
1622 2553 1682 2595 Pl.
1723 2566 1808 2593 ens.

172 2631 262 2670 coli.
294 2643 384 2669 ven.
417 2642 455 2670 n.
486 2630 525 2669 8.

283 2696 327 2736 in
360 2697 504 2736 lutosis
533 2695 816 2750 glareosisque
847 2693 1068 2748 pinguibus
1096 2692 1289 2733 montium
1322 2688 1641 2728 cantabricarum
1669 2690 1710 2724 et
1732 2685 1809 2737 Py-

169 2776 408 2804 renaeornm
440 2762 698 2803 centralium:
741 2763 782 2803 in
813 2761 1017 2802 montibu·
1047 2771 1172 2813 prope
1201 2757 1312 2799 Yruu
1343 2755 1563 2808 praecipue
1589 2754 1630 2792 in
1661 2751 1806 2792 forma-

172 2833 283 2870 tione
313 2829 640 2870 rubro-arenaria
676 2823 1248 2879 (Buntsaudstoinformation)
1291 2822 1480 2874 copiose,
1519 2821 1562 2860 in
1598 2818 1807 2864 cacumine

170 2897 211 2938 18
238 2896 354 2950 Haya
382 2908 511 2949 usque
539 2893 591 2936 ad
619 2905 828 2943 cacumen,
857 2892 1146 2940 boo-2500‘3
1194 2889 1238 2933 in
1276 2890 1414 2931 monte
1453 2885 1567 2935 Pena
1595 2884 1807 2937 θοινογις
