1867 3215
1627 77 1694 122 6⁷

152 201 247 241 448.
296 198 354 240 *L.
390 197 723 251 Periclymenum
751 199 794 241 1..
855 200 978 242 Gren.
1019 198 1141 241 θοᾶν.
1183 199 1209 239 l.
1243 213 1276 240 c.
1307 223 1360 232 —
1390 198 1451 241 Pl.
1483 213 1569 242 exs.
1602 201 1693 243 coll.

43 277 135 306 ven.
167 279 206 307 u.
237 268 331 308 572.
363 266 399 306 b.

154 331 200 372 In
231 333 400 387 sepibus
430 345 556 387 prope
586 333 718 384 Yrun,
759 333 1070 384 mentm-rabia,
1101 332 1244 374 Bilbao
1277 336 1323 373 et
1352 332 1450 373 alibi
1477 335 1518 374 in
1550 334 1695 375 eanta-

43 398 143 439 bria.
176 398 303 439 Juuio
335 413 368 440 c.
401 399 488 441 flor.

154 478 235 506 var.
264 468 547 520 qlauco-hz'rla
576 466 692 508 Kze.
724 467 857 509 Chlor.
888 466 1153 522 austro-hisp.
1185 481 1225 507 n.
1259 470 1352 508 146.

152 531 199 572 Ιιι
238 534 408 587 sepibus
449 534 707 588 dumetisque
747 548 872 588 prope
902 533 1060 575 Chozas
1099 534 1150 574 de
1191 534 1232 575 la
1262 535 1404 575 Sierra
1442 536 1484 574 in
1515 533 1698 575 Castella

44 613 149 639 nova
178 599 228 639 ad
258 600 418 640 radices
448 600 614 641 Sierrae
645 601 694 640 de
725 601 1017 643 Guadarrama.
1050 602 1164 654 Sept.
1197 616 1230 641 c.
1263 601 1351 642 flor.
1383 605 1423 641 et
1453 601 1500 641 fr.

154 667 247 705 Oba.
309 668 454 708 Planta
486 667 623 709 habitu
663 681 687 707 a
727 681 823 708 vera
855 668 903 707 L.
936 668 1224 719 Periclymene
1255 668 1594 715 distinctissima,
1639 667 1697 707 fo·

43 735 110 774 liis
150 747 277 788 saepe
318 739 460 774 exacte
500 736 632 775 ovatis
673 735 746 775 sed
787 737 909 774 etiam
952 735 1139 775 ovalibus
1170 735 1623 789 ovali-lanceolatisque
1654 739 1697 775 ut

4 795 7 796 ⁷
42 802 82 840 in
114 800 162 840 L.
206 801 459 853 Periclym.,
506 802 676 842 floribus
719 802 1005 857 gracilioribus
1048 802 1399 842 numerosioribus
1446 801 1698 842 densissime

41 868 638 924 glandulosoapubescentibus.
698 870 816 909 Folia
846 871 1035 923 utrinque
1062 869 1239 908 molliter
1266 869 1535 923 pubescentia
1550 869 1697 909 subtus

44 937 194 976 eximie
230 937 389 991 glauca.
450 936 608 977 Baccae
649 938 812 977 omnino
855 936 1011 977 eaedem
1053 938 1166 977 utin
1198 934 1247 976 L.
1280 935 1500 988 Periclym.
1560 936 1697 989 Stirps

44 1003 331 1043 observatione
362 1004 558 1043 ulteriore
589 1004 857 1059 dignissima,
904 1003 1081 1044 fortasse
1112 1015 1228 1043 nova.
1292 1003 1398 1043 Vera
1428 1002 1477 1042 L.
1510 1001 1696 1054 Pericly-

41 1081 208 1111 maenum
236 1072 277 1110 in
309 1070 510 1124 Hispania
550 1071 782 1111 australiori
815 1075 1008 1124 quantum
1040 1072 1127 1111 scio
1157 1069 1335 1112 nondum
1367 1069 1587 1110 observata
1617 1073 1694 1110 est.

152 1140 246 1179 449.
305 1136 354 1177 L.
386 1137 635 1189 Xylosceum
665 1138 708 1177 L.

152 1205 199 1245 In
230 1205 532 1258 pyrenaeorum
563 1206 794 1260 Aragoniae
832 1205 1007 1245 vallibus
1044 1204 1331 1255 inferioribus,
1375 1218 1410 1245 v.
1451 1218 1484 1244 o.
1518 1205 1558 1244 in
1589 1203 1697 1245 valle

41 1272 170 1314 Terra
200 1274 309 1312 inter
338 1273 499 1312 Sallent
529 1277 569 1312 et
598 1272 753 1325 Pueyo.
784 1272 910 1313 Junio
942 1285 976 1312 c.
1007 1271 1123 1313 fruct.
1155 1273 1296 1314 inmat.

84 1371 89 1375 .
152 1342 246 1382 450.
307 1338 357 1379 L.
386 1343 617 1392 pyrenaica
646 1339 689 1381 L.
724 1338 848 1381 Gren.
880 1338 1003 1379 Godr.
1034 1339 1060 1379 1.
1093 1352 1125 1379 c.
1155 1353 1193 1393 p.
1226 1344 1365 1383 11.—
1393 1339 1454 1382 Pl.
1485 1352 1570 1379 exs.
1604 1338 1694 1379 coll.

42 1420 130 1448 ven.
164 1408 306 1448 select.
338 1421 376 1446 u.
409 1411 474 1449 39.
506 1420 541 1448 a.

153 1475 199 1515 In
231 1475 534 1528 Pyrenaeorum
565 1475 797 1530 Aragoniae
836 1474 1013 1515 vallibus
1042 1473 1305 1515 inferioribus
1335 1474 1490 1528 passim
1520 1477 1562 1514 et
1589 1485 1696 1523 raro,

43 1556 78 1586 v,
110 1555 145 1584 c.
174 1544 280 1583 circa
310 1541 527 1592 Ganfranc,
560 1543 665 1583 inter
697 1543 855 1583 Sallent
886 1546 927 1581 et
956 1542 1191 1583 Panticosa.
1225 1542 1351 1583 Junio
1383 1556 1414 1582 c.
1448 1540 1534 1581 flor.

712 1609 888 1649 Rubia
902 1620 984 1648 cea
999 1621 1032 1649 e.

790 1675 942 1717 Rubia.

154 1747 248 1786 451.
308 1742 359 1784 R.
389 1745 614 1798 pereqae·ina
644 1743 686 1783 L.

153 1828 191 1852 α.
225 1810 409 1860 latifolia
440 1811 563 1851 Gren.
597 1811 717 1852 Godr.
751 1811 777 1850 l.
809 1825 843 1852 c.
876 1825 915 1866 p.
950 1814 1013 1852 13.
1047 1811 1119 1862 (R.
1151 1809 1285 1852 lucida
1312 1810 1376 1858 L.)

153 1881 294 1921 Sierra
323 1878 373 1919 de
391 1879 517 1919 Chiva
547 1881 587 1918 in
618 1892 746 1933 regno
777 1879 984 1919 valentino
1016 1880 1056 1919 in
1083 1878 1259 1919 dumetis
1276 1879 1444 1933 passim.
1480 1878 1694 1933 Aug.c.fr.

154 1937 202 1994 [3.
232 1948 478 1986 intermedia
509 1947 630 1988 Gren.
665 1945 787 1986 Godr.
819 1947 845 1986 l.
877 1960 912 1986 c.
945 1946 1017 1996 (R.
1049 1947 1270 2002 peregrina
1296 1949 1449 1987 auctor.
1483 1946 1606 2000 plur.)
1635 1946 1695 1986 Pl.

45 2028 130 2055 exs.
163 2015 255 2056 coll.
287 2027 377 2057 ven
411 2027 450 2055 n
484 2017 577 2056 216.
609 2014 646 2056 b

153 2081 200 2122 In
229 2082 398 2136 sepibus
427 2095 556 2137 prope
585 2082 711 2133 Yrun,
743 2081 1040 2123 Fuenterrabia
1070 2084 1111 2121 et
1142 2079 1240 2121 alibi
1271 2080 1312 2121 in
1330 2078 1578 2134 Guipuzcoa.
1611 2079 1697 2122 Ma-

38 2152 98 2204 jo,
128 2149 254 2192 Junio
287 2164 319 2190 c.
353 2149 440 2189 flor.

780 2213 961 2254 Galeam.

155 2287 249 2325 452.
311 2284 360 2326 G.
394 2281 592 2323 cruciata
623 2283 770 2337 Scop.
812 2283 934 2324 Gren.
977 2280 1097 2323 Godr.
1139 2283 1165 2323 l.
1197 2296 1229 2323 c.
1262 2296 1300 2338 p.
1336 2285 1399 2325 16.
1432 2305 1486 2312 —-
1515 2282 1577 2323 Pl.
1609 2296 1694 2324 exs.

47 2351 138 2391 coll.
172 2365 262 2391 ven.
297 2365 336 2394 n.
372 2354 434 2391 13.

157 2419 215 2460 Ad
246 2432 382 2472 sepes,
415 2420 457 2457 in
487 2417 679 2469 dumetis,
714 2417 950 2458 nemoribus
969 2416 1214 2458 Cantabriae
1245 2420 1426 2473 copiose,
1457 2431 1494 2459 V.
1520 2432 1551 2458 c.
1570 2431 1698 2473 prope

46 2487 169 2535 Yrun,
203 2486 370 2536 Tolosa,
403 2485 562 2536 Bilbao,
596 2486 762 2535 Otanes,
794 2487 916 2525 etiam
949 2486 989 2524 in
1016 2484 1197 2526 Navarra
1228 2485 1556 2541 septentrionali.
1587 2485 1698 2540 Majo

45 2567 77 2594 c.
111 2553 198 2592 flor.

156 2623 250 2661 453.
314 2609 362 2659 G.
394 2631 567 2659 vermem
596 2620 745 2674 Scop.
779 2634 818 2660 οι.
852 2619 1043 2660 Bauhini
1074 2619 1199 2661 Gren.
1230 2620 1354 2661 Godr.
1386 2621 1412 2660 l.
1445 2633 1478 2661 c.
1510 2619 1698 2671 (G.Bau·

50 2687 134 2728 bini
165 2687 213 2727 R.
246 2688 310 2736 S.)
338 2687 396 2729 Pl.
429 2701 514 2727 exs.
546 2688 637 2728 coll.
671 2701 762 2728 ven.
795 2701 832 2727 n.
869 2691 932 2730 15.

155 2754 202 2794 ln
233 2754 408 2794 dumetis
438 2755 566 2795 Ulicis
597 2756 637 2795 in
669 2755 875 2795 montibus
906 2768 1032 2809 prope
1062 2755 1174 2796 Yrun
1204 2768 1335 2810 usque
1366 2754 1416 2795 ad
1446 2754 1593 2803 3500‘,
1625 2767 1699 2808 per

46 2826 173 2862 totam
205 2821 489 2870 Cantabriam3
531 2823 671 2863 Sierra
709 2822 759 2863 de
791 2822 1071 2864 Guadarrama
1100 2823 1191 2864 loco
1222 2823 1371 2864 Puerto
1401 2821 1452 2863 de
1481 2819 1698 2863 Reventon

47 2889 98 2933 ad
124 2890 193 2931 alt.
226 2904 259 2931 c.
291 2889 432 2933 5000‘.
461 2888 571 2947 majo
602 2903 635 2931 c.
669 2890 755 2933 ssor.
788 2890 902 2947 Sept.
936 2904 970 2931 c.
1001 2890 1049 2933 fr.

1375 2966 1430 3000 9*
