1867 3215
1579 70 1692 119 <145

713 193 1027 243 Conif'erae.

755 259 1001 312 Jum'perus.

169 331 263 370 960.
321 327 365 369 J.
395 338 668 377 macrocarpa
698 329 865 368 Sibth.
897 328 1013 369 Endl.
1045 328 1145 382 Syn.
1178 329 1310 370 Conif.
1329 343 1366 383 p.
1391 335 1453 372 10.
1487 354 1538 363 —-
1568 331 1695 374 Rcbb.

55 394 108 434 lc.
140 395 200 434 1⁴³1.
233 408 360 450 germ.
381 396 493 437 Ceut.
513 395 580 436 xl.
611 393 637 434 f.
661 397 776 435 1146.
809 418 862 425 -
894 396 951 437 ΡΙ.
979 409 1064 437 exS.
1085 396 1173 435 coll.
1193 410 1283 436 ven.
1304 411 1342 440 n,
1358 401 1438 439 493
1462 398 1527 450 (ex
1540 400 1697 451 parte!)

168 462 213 502 In
244 464 382 516 pineto
413 464 452 503 la
480 462 647 503 Dehesa
676 462 726 502 ad
756 462 886 502 lacum
905 462 1098 503 Albufera
1127 477 1253 518 prope
1268 465 1499 506 Valentiam
1528 468 1695 519 passim.

56 531 157 584 Aug.
190 544 223 573 c.
254 529 369 572 fruct.
404 535 495 570 mat.

171 597 264 638 obs.
325 599 560 651 Specimina
588 609 680 636 mea
711 610 800 636 cum
831 597 1105 649 descriptione
1136 598 1184 639 cl.
1214 597 1526 640 Endlicheri
1557 607 1700 643 exacte

56 670 296 719 congruunt.
357 665 619 705 Galbulorum
652 666 797 718 pruina
836 665 1016 704 coerulea
1053 663 1248 704 facillime
1286 665 1522 721 detergitur.
1581 669 1703 709 Color

58 732 312 786 galbulorum
344 734 571 786 primitivus
595 732 685 782 (sub
704 734 864 784 pruina)
894 737 958 771 est
981 730 1111 781 rufus,
1128 735 1171 771 ut
1195 733 1281 787 jam
1307 732 1403 773 dicit
1420 733 1702 788 Gupanius‚

56 800 124 853 qui
154 799 257 839 hanc
286 800 466 853 speciem
498 798 602 838 bene
633 798 848 838 describit:
881 799 1136 852 „Juniperus
1166 801 1293 854 major
1311 800 1464 841 cedrus
1481 802 1706 855 phoenicea

56 866 189 907 dictus
220 867 344 906 bacca
374 868 528 921 majore
558 865 769 920 pyriformi
801 866 913 915 rufa,
945 867 1242 906 coerulescente
1283 867 1436 920 polline
1474 869 1702 924 adspersa“

59 939 100 974 et
130 936 210 974 alio
242 935 352 974 loco:
385 935 593 989 „oblonga
623 933 747 973 bacca
778 947 800 973 e
830 933 919 973 rufo
951 934 1293 974 coerulescente.“
1323 934 1541 989 (Cupani
1560 937 1704 991 Suppl.

59 1002 130 1042 alt.
162 1005 216 1043 43
257 1007 298 1042 et
328 1000 527 1054 Panpbyt.
569 1001 652 1040 Sic.
686 1001 728 1042 ll.
768 1005 794 1041 t.
826 1001 910 1052 40.)
967 1002 997 1040 Α
1040 1000 1085 1042 J.
1128 1000 1350 1053 Ooeycedro
1391 1007 1432 1042 et
1466 1002 1706 1052 rufescente

60 1068 182 1109 facile
212 1069 477 1124 distinguitur
507 1067 619 1108 foliis
650 1081 774 1119 supra
803 1069 953 1107 caesiis
984 1072 1024 1107 et
1055 1068 1233 1123 galbulis
1264 1069 1454 1125 oblongis
1483 1072 1705 1112 tuberculis

61 1136 192 1177 tribus
222 1136 272 1175 ad
303 1137 457 1190 apicem
489 1135 740 1189 totidemque
767 1136 819 1175 ad
848 1136 977 1175 latera
1008 1137 1172 1176 notatis.
1242 1136 1343 1177 Haec
1371 1139 1533 1191 species
1564 1139 1708 1181 hucus-

62 1217 141 1258 que
170 1205 212 1244 in
242 1203 444 1257 Hispania
473 1203 651 1243 nondum
680 1204 788 1243 lecta
818 1208 905 1253 est3
951 1205 1115 1256 species
1159 1204 1266 1243 enim
1307 1218 1332 1244 a
1377 1205 1426 1245 cl.
1459 1207 1708 1248 Boissier

59 1272 162 1325 Voy.
194 1270 291 1324 Esp.
326 1285 363 1323 p.
397 1273 478 1311 582
510 1271 550 1310 in
581 1274 663 1310 not.
695 1271 770 1311 sub
805 1271 968 1310 nomine
998 1269 1041 1311 J.
1060 1283 1359 1322 macrocarpae
1393 1280 1710 1316 commemorata

60 1343 126 1380 est
155 1338 200 1379 J.
236 1338 484 1390 Oaeycedrus
511 1340 716 1392 genuinus
761 1342 802 1378 et
841 1339 1005 1391 species
1048 1337 1191 1378 eodem
1231 1339 1321 1380 loco
1359 1341 1435 1380 sub
1465 1343 1631 1382 nomine
1663 1341 1706 1384 J.

62 1407 276 1459 Ooeycedri
305 1411 545 1446 enumerata
573 1410 638 1444 est
669 1403 712 1444 J.
744 1403 978 1453 rufescens.

171 1476 265 1516 961.
324 1470 371 1514 J.
404 1473 654 1525 Oaeycedrus
682 1471 725 1513 L.
757 1472 871 1513 Endl.
904 1473 930 1512 l.
963 1486 995 1512 c.
1028 1472 1155 1516 Rchb.
1197 1473 1251 1516 Ic.
1289 1474 1315 1514 l.
1356 1489 1390 1517 c.
1434 1474 1462 1516 f.
1497 1480 1615 1519 1145.
1656 1501 1705 1508 -

60 1541 119 1583 Pl.
151 1554 237 1582 exs.
270 1540 360 1581 coll.
392 1553 483 1580 ven.
516 1553 556 1580 ιι.
587 1543 668 1581 493
699 1542 769 1590 (ex
799 1541 960 1594 partel)

172 1608 274 1649 Hah.
308 1620 434 1662 prope
464 1607 693 1684 Valentiam
726 1621 815 1647 cum
848 1607 1108 1661 praecedente
1137 1622 1216 1663 quo
1247 1610 1462 1664 copiosior.
1529 1613 1632 1667 Aug.
1675 1626 1708 1654 c.

61 1676 109 1720 fr.
139 1679 235 1717 mat.

170 1746 265 1785 962.
324 1739 370 1784 J.
401 1740 620 1790 rufescere-3
648 1741 731 1782 Lk.
763 1741 878 1782 Endl.
913 1742 937 1781 l.
971 1755 1004 1784 c.
1038 1756 1076 1796 p.
1111 1746 1174 1784 11.
1208 1766 1253 1771 -
1290 1744 1349 1787 Pl.
1380 1758 1465 1788 exs.
1495 1738 1587 1786 coll.
1619 1760 1710 1790 ven.

62 1811 137 1852 sel.
169 1824 207 1850 n.
240 1813 289 1852 51
305 1822 340 1849 a.
1674 1850 1676 1854 ,

172 1877 219 1917 Ιιι
251 1877 402 1930 pinetis
433 1877 654 1917 Serraniae
684 1876 734 1916 de
758 1876 922 1917 Cuenca
947 1879 1049 1916 satis
1080 1879 1262 1931 copiose,
1293 1892 1408 1933 saepe
1431 1880 1714 1927 arborescens.

60 1946 163 2000 Aug.
195 1958 227 1984 c.
260 1943 376 1983 fruct.
407 1947 502 1983 mat.
555 1943 655 1998 Legi
690 1946 812 1984 etiam
850 1946 891 1984 in
923 1946 1074 1997 pinetis
1105 1945 1154 1985 ad
1180 1947 1313 1986 sinum
1334 1946 1580 1988 Gaditanum
1606 1962 1713 1991 anuo

65 2015 186 2056 1845.
232 2011 292 2061 (J.
326 2011 562 2064 Oxycedrus
592 2012 734 2052 Kunze
764 2025 844 2051 non
874 2011 916 2054 L.
947 2013 989 2052 in
1022 2011 1210 2052 Chloride
1241 2013 1502 2068 austro-hisp.
1535 2028 1573 2055 n.
1605 2019 1718 2063 506.)

169 2082 262 2122 963.
296 2077 340 2119 J.
371 2091 486 2118 nana
515 2079 694 2119 Willd.
727 2078 845 2119 Endl.
878 2079 904 2121 1.
931 2093 962 2119 c.
983 2093 1020 2132 p.
1048 2083 1110 2122 13.
1168 2079 1297 2123 Rchb.
1328 2081 1392 2122 Jc.
1423 2081 1449 2121 l.
1471 2095 1502 2124 c.
1534 2081 1560 2123 f.
1597 2087 1716 2126 1142.

171 2146 218 2186 ln
247 2146 418 2201 regione
448 2146 587 2200 alpina
607 2146 911 2199 Pyrenaeorum
930 2146 1160 2201 Aragoniae
1190 2147 1239 2187 ad
1270 2147 1339 2188 alt.
1373 2150 1584 2195 5—6000‘
1615 2163 1651 2192 v.
1679 2165 1714 2191 c.

64 2214 107 2254 in
137 2217 254 2267 parte
287 2213 501 2267 superiore
531 2213 652 2253 vallis
682 2212 787 2253 Izas.
819 2213 944 2253 Junio
975 2213 1130 2267 absque
1160 2213 1247 2254 flor.
1279 2219 1319 2253 et
1349 2213 1466 2255 fruct.
1530 2244 1532 2247 -

178 2283 272 2323 964.
336 2277 378 2320 J.
413 2284 643 2330 communis
675 2280 720 2324 1..
752 2280 794 2336 β.
827 2283 1047 2331 hispanica
1077 2280 1218 2322 Endl.
1259 2281 1284 2323 l.
1315 2295 1348 2321 c.
1381 2294 1420 2335 p.
1455 2285 1520 2323 15.
1588 2281 1717 2327 Rchb,

66 2346 122 2388 lc.
153 2347 179 2386 l.
213 2360 245 2386 c.
279 2345 306 2385 f.
340 2349 457 2387 1141.
490 2347 550 2398 (J.
583 2347 796 2401 hispanica
826 2347 988 2394 Booth.)

180 2412 228 2453 In
269 2413 475 2454 montibus
506 2415 752 2455 cantabricis
782 2415 1022 2456 editioribus
1053 2414 1145 2455 hinc
1174 2415 1281 2465 inde,
1313 2428 1349 2458 v.
1368 2429 1400 2455 c.
1430 2416 1472 2455 in
1503 2420 1639 2456 monte
1671 2416 1732 2461 de,

66 2481 106 2522 la
136 2481 252 2535 liaya
282 2494 410 2535 prope
440 2482 550 2522 Yrun
581 2484 912 2529 (2000-25001)
943 2483 983 2521 in
1016 2483 1127 2522 Pena
1153 2483 1344 2535 Gorveya
1374 2485 1646 2533 (3—5000‘);
1676 2485 1718 2523 in

68 2547 243 2589 vallibus
273 2551 314 2587 et
339 2549 453 2603 jugis
472 2549 760 2602 Pyrenaeorum
778 2550 996 2604 Aragoniae
1027 2549 1076 2589 ad
1107 2549 1175 2592 alt.
1205 2552 1513 2600 3000-5000¹,
1545 2552 1585 2589 in
1606 2554 1720 2604 parte

68 2617 281 2670 superiore
310 2617 461 2656 montis
477 2616 680 2670 Moncayo
713 2616 762 2656 ad
794 2617 862 2656 alt.
893 2617 1103 2658 3—5000‘
1133 2618 1175 2657 in
1200 2618 1314 2673 jugis
1345 2615 1468 2656 editis
1498 2617 1606 2656 circa
1633 2616 1722 2657 Mo·

69 2681 155 2722 lina
184 2681 235 2722 de
266 2683 428 2736 Aragou
459 2682 510 2723 ad
539 2684 607 2725 alt.
641 2686 957 2732 3500-4000‘3
1000 2683 1177 2724 abundat
1217 2685 1258 2724 in
1290 2684 1430 2724 Sierra
1461 2683 1510 2723 de
1541 2683 1720 2724 Guadar-

69 2762 196 2797 rama
227 2750 434 2803 praecipue
480 2751 520 2789 in
565 2753 735 2805 regione
776 2751 1015 2805 subalpina,
1053 2751 1104 2791 ad
1148 2751 1216 2791 alt.
1263 2750 1568 2792 3500—6000‘.
1617 2751 1719 2806 Aug.

69 2816 186 2869 Sept.
218 2828 252 2857 c.
283 2815 399 2859 fruct.
430 2821 525 2857 mat.
1390 2837 1392 2839 >

1412 2904 1452 2939 19
