1867 3215
130 65 227 113 140

239 203 281 242 γ.
316 192 575 232 tuberculum
605 190 758 234 Koch.
788 193 814 234 1.
846 206 878 233 c.
911 215 964 225 —-
995 194 1054 238 Pl.
1084 208 1169 237 us.
1202 196 1293 236 coll.
1325 207 1413 234 ven.
1445 207 1483 235 n.
1516 199 1582 239 58.
1614 200 1656 237 et
1682 198 1773 238 17².
1842 236 1844 239 ,

241 258 286 298 ln
319 257 424 297 valle
454 256 504 297 de
534 256 689 311 Loyola
718 272 807 299 cum
839 260 1099 313 praecedente
1127 261 1201 302 sed
1230 263 1363 302 rarius
1392 264 1514 316 atque
1544 263 1585 302 in
1617 262 1775 317 pingui-

128 323 204 364 bus
234 326 339 363 inter
369 337 469 364 saxa
498 325 684 366 calcarea
713 326 753 365 in
785 330 899 378 parte
929 327 1170 368 occidentali
1202 329 1352 368 montis
1377 327 1489 368 Pena
1505 327 1696 382 Gorveya
1724 327 1775 368 ad

124 391 195 431 alt.
224 391 257 430 c‘.
289 391 416 432 4500‘
445 392 625 446 copiose.
684 391 795 448 Majo
824 406 858 432 c.
891 393 930 434 fl.
963 399 1004 435 et
1034 393 1081 438 fr.
1111 396 1265 451 perjrrv.

238 460 333 498 920.
393 456 478 497 Eu.
507 460 738 510 pyrenaica
766 458 979 500 Jordan.
1011 461 1103 502 Obs.
1136 460 1280 517 fragm.
1313 459 1386 500 ΙΙΙ.
1417 473 1457 515 p.
1490 462 1585 503 23¹7.
1623 461 1678 516 pl.
1711 465 1775 504 11.

236 522 282 563 In
313 520 502 564 arenosis
531 525 638 565 inter
667 525 771 566 Jaca
800 529 844 566 et
872 526 916 567 S.
948 527 1058 568 Juan
1088 527 1139 568 de
1168 529 1208 569 la
1237 529 1351 569 Pena
1379 526 1432 567 ad
1470 528 1538 568 alt.
1578 541 1611 568 c.
1649 529 1775 569 ‘230⁰‘

126 602 234 631 raro.
295 590 408 632 Julio
439 604 474 630 c.
505 590 622 632 fruct.
655 592 788 646 Prope
818 593 966 634 balnea
996 595 1185 636 Tiermes
1214 597 1255 635 in
1285 596 1489 650 glareosis
1520 593 1570 635 ad
1609 594 1775 635 fluvium

124 658 288 713 Aragon
319 657 472 708 (forma
502 657 690 710 latifolia,
721 661 953 714 procerior,
1001 662 1191 703 umbellis
1221 661 1601 717 quinqueradiatis).
1648 660 1774 702 Junio

123 738 156 764 c.
189 723 276 765 flor.
308 728 349 765 et
375 723 424 765 fr.
451 726 536 779 juv.
875 766 881 771 ,

233 795 328 834 921.
385 791 468 834 Eu.
497 794 807 845 amyqdaloides
835 793 879 834 L.
911 794 1065 835 Bchb.
1096 794 1159 837 Jc.
1191 795 1253 837 Fl.
1284 808 1412 851 germ.
1448 796 1496 837 V.
1526 793 1554 837 f.
1583 796 1772 837 4⁷99.—

123 858 182 900 Pl.
215 871 301 900 exs.
333 859 423 902 coll.
453 872 545 900 ven.
577 873 615 900 n.
649 862 688 901 3.

238 926 426 967 Abundat
456 926 508 967 ad
536 940 675 982 sepes,
706 929 747 968 in
777 927 994 979 ruderatis,
1023 930 1294 982 rupestribus,
1323 930 1426 970 locis
1455 929 1606 983 apricis
1634 941 1777 969 areno-

127 992 188 1034 sis
218 993 478 1043 Cantabriae,
511 1007 547 1034 v.
580 1008 614 1035 c.
646 996 755 1035 circa
782 996 907 1046 Yrun,
937 996 1105 1046 Tolosa,
1136 997 1295 1038 Bilbao.
1363 996 1556 1038 Ascendit
1595 998 1636 1037 in
1666 1009 1774 1037 mon-

124 1060 234 1102 tibus
263 1074 396 1115 usque
427 1062 563 1103 1500‘.
595 1062 690 1116 Apr.
721 1061 833 1116 Majo
863 1077 895 1103 c.
928 1062 1015 1104 flor.
1048 1068 1089 1104 et
1117 1063 1165 1104 fr.

234 1131 328 1170 922.
388 1127 472 1168 Eu.
501 1133 666 1168 serrata
695 1127 739 1170 1..

233 1192 278 1234 ln
310 1196 423 1250 agris
455 1196 496 1235 in
527 1195 635 1236 valle
666 1194 778 1236 fluvii
807 1196 970 1251 Aragon
1009 1202 1050 1238 et
1089 1198 1187 1239 alibi
1224 1199 1266 1239 in
1307 1199 1522 1253 Aragonia.
1579 1197 1706 1240 Junio
1736 1210 1770 1237 c.

127 1259 214 1301 flor.
244 1265 287 1301 et
317 1262 365 1304 fr.
393 1264 480 1317 juv.

236 1331 331 1370 923.
390 1330 474 1369 Eu.
510 1328 777 1380 Cyparissius
805 1330 849 1372 L.
889 1357 944 1364 ——
989 1332 1047 1372 Pl.
1077 1346 1162 1374 exs.
1194 1333 1287 1373 coll.
1319 1346 1410 1373 ven.
1442 1346 1481 1374 n.
1513 1335 1607 1375 352.

236 1394 283 1434 In
313 1396 538 1449 Pyrenaeis
555 1397 788 1452 Aragoniae
819 1400 859 1438 in
890 1399 1095 1455 glareosis
1123 1401 1335 1454 graniticis
1363 1413 1491 1455 prope
1512 1401 1660 1441 balnea
1674 1399 1777 1442 Pan-

130 1461 261 1502 ticosa
290 1462 342 1503 ad
371 1463 440 1503 alt.
472 1465 769 1506 4500--500o‘
801 1467 984 1520 copiose.
1045 1466 1170 1506 Junio
1203 1482 1236 1509 c.
1267 1467 1352 1508 flor.
1385 1472 1426 1507 et
1454 1468 1500 1508 ir.
1529 1469 1612 1523 ιῇιιν.

239 1532 332 1571 924.
394 1529 478 1571 Eu.
509 1533 746 1571 nicaeensis
772 1532 817 1573 L.
848 1534 894 1586 β.
925 1538 1141 1573 coarctata
1173 1534 1343 1575 Boiss.
1375 1548 1466 1588 voy.
1497 1535 1595 1589 Esp.
1636 1534 1696 1577 Fl.
1735 1548 1775 1589 p.

127 1597 222 1637 568.
253 1619 307 1627 —
337 1597 397 1638 ΡΙ.
428 1611 514 1638 exs.
547 1599 637 1638 coll.
670 1612 760 1640 ven.
792 1614 830 1642 n.
862 1603 956 1642 452.

242 1663 428 1705 Abundat
458 1665 499 1704 in
531 1663 741 1706 sterilibus
772 1667 959 1720 planitiei
990 1669 1098 1708 altae
1128 1670 1234 1708 inter
1263 1669 1412 1709 Puerto
1449 1668 1499 1709 de
1538 1668 1699 1709 Daroca
1737 1672 1780 1709 et

129 1728 317 1783 Layunta
347 1735 388 1773 et:
418 1733 525 1772 circa
554 1732 711 1773 Illolina
740 1733 791 1774 de
807 1735 969 1790 Aragon
1000 1736 1040 1775 in
1073 1737 1277 1775 consortio
1307 1736 1474 1776 Salviae
1490 1736 1779 1790 Hispanorum,

130 1796 349 1854 Saturejae
378 1805 598 1840 montanae
630 1804 728 1850 etc.;
763 1803 885 1843 etiam
918 1804 958 1843 in
990 1804 1140 1857 pinetis
1169 1804 1388 1844 Serraniae
1419 1803 1469 1844 de
1486 1803 1663 1847 Caenea.
1693 1802 1777 1845 Jul.

128 1864 228 1919 Aug.
257 1879 292 1905 c.
308 1865 441 1910 ,fruet

241 1935 336 1975 925.
395 1933 479 1976 Eu.
511 1933 715 1976 Paralius
743 1936 786 1976 L.
818 1935 946 1980 Rcbb.
978 1937 1031 1979 lc.
1065 1938 1088 1978 1.
1108 1952 1141 1978 c.
1173 1937 1199 1979 f.
1228 1940 1348 1981 4798.
1381 1959 1433 1968 —
1478 1938 1538 1979 Pl.
1567 1951 1653 1979 exs.
1685 1937 1776 1979 coll.

128 2009 218 2041 ven.
251 2013 288 2039 n.
318 2004 412 2042 517.

241 2066 286 2107 ln
317 2068 524 2110 sabulosis
554 2068 606 2110 ad
638 2082 748 2111 oram
781 2072 906 2112 maris
945 2071 1234 2114 mediterranei
1275 2086 1402 2128 prope
1443 2071 1676 2114 Valentiam
1716 2084 1779 2112 co-

127 2134 257 2184 piose.
316 2135 418 2190 Aug.
450 2149 483 2178 c.
513 2135 629 2179 fruct.

239 2204 333 2244 926.
392 2201 475 2243 Eu.
504 2206 630 2254 pinea
659 2203 704 2245 L.
737 2205 830 2259 Spr.
863 2204 1063 2259 Syst.lll.
1095 2209 1246 2260 p.799.
1281 2231 1334 2237 —
1363 2206 1422 2249 ΡΙ.
1456 2220 1542 2248 exs.
1574 2206 1666 2248 coll.
1685 2219 1776 2249 ven.

128 2280 168 2308 n.
199 2271 265 2310 49.
323 2268 473 2310 Forma
501 2270 697 2312 latifolia!

243 2335 288 2376 ln
318 2338 575 2391 rupestribus
603 2340 754 2392 apricis
784 2341 826 2380 in
855 2340 960 2380 colle
990 2339 1149 2380 castelli
1190 2341 1229 2381 la
1257 2340 1369 2382 Mota
1409 2354 1534 2396 prope
1573 2341 1617 2382 S.
1647 2339 1777 2383 Seba-

129 2404 236 2444 stian
267 2406 435 2457 passim.
491 2404 602 2460 Majo
631 2420 663 2447 c.
697 2407 736 2447 fl.
769 2411 810 2448 et
839 2406 885 2447 fr.

240 2474 334 2513 927.
393 2471 478 2513 Eu.
510 2470 669 2522 Peplus
696 2473 742 2516 L.
771 2497 824 2504 —
854 2475 914 2514 Pl.
947 2488 1030 2515 exs.
1063 2474 1153 2514 coll.
1185 2487 1274 2515 ven.
1305 2488 1344 2515 n.
1383 2478 1449 2517 55.

241 2538 286 2578 ln
316 2539 505 2579 arenosis
534 2540 574 2579 in
606 2540 711 2580 valle
740 2540 791 2581 de
821 2541 976 2593 Loyola
1014 2554 1139 2595 prope
1178 2543 1220 2582 S.
1252 2541 1472 2582 Sebastian
1513 2545 1555 2582 et
1593 2539 1691 2582 alibi
1732 2542 1772 2582 in

133 2606 319 2646 arenosis
349 2610 390 2645 et
421 2606 541 2646 cultis
572 2606 827 2648 Cantabriae.
860 2609 969 2662 Majo
1000 2622 1032 2650 c.
1063 2609 1102 2648 fl.
1133 2613 1175 2648 et
1204 2609 1252 2650 sr.

242 2674 338 2714 828.
397 2672 482 2714 Eu.
513 2675 669 2726 etz-iqua
699 2674 741 2714 L.
774 2687 858 2717 var.
885 2677 1102 2715 australis.
1160 2675 1219 2716 Pl.
1253 2689 1337 2716 exs.
1370 2675 1460 2716 coll.
1494 2688 1584 2716 ven.
1616 2689 1655 2715 n.
1683 2679 1774 2723 142.

243 2737 391 2779 Differt
420 2753 444 2779 a
474 2742 614 2794 specie
645 2741 902 2781 involucellis
933 2742 1238 2797 angustioribus
1277 2756 1388 2796 saepe
1428 2742 1645 2793 coloratis,
1687 2756 1774 2796 par-

134 2805 243 2847 tibus
273 2806 483 2847 floralibus
514 2807 701 2848 omnibus
731 2807 896 2848 dimidio
925 2809 1163 2858 minoribus,
1197 2809 1334 2850 babitu
1365 2809 1574 2862 peculiari.

246 2872 289 2912 ln
323 2875 512 2913 arenosis
541 2874 702 2913 collium
735 2875 1008 2916 calcarearum
1041 2889 1165 2929 prope
1196 2875 1363 2923 Bilbao3
1401 2875 1511 2930 majo
1550 2890 1581 2917 c.
1616 2875 1776 2922 {lomet

137 2939 276 2988 sruct.;
309 2941 349 2981 in
378 2954 506 2995 regno
537 2941 758 2990 valentino,
792 2943 971 2992 Baetica,
1004 2965 1053 2973 —-
1086 2956 1157 2996 per
1187 2945 1310 2988 totam
1343 2943 1593 2998 Hispaniam.
