1867 3215
1632 72 1690 115 15

41 195 184 235 acutis.
243 184 359 235 Folia
399 194 562 237 caulina
594 206 814 234 numerosa
854 191 1057 234 interdum
1094 197 1455 249 purpuramentis,
1496 196 1691 240 inferiora

39 261 218 302 breviter
247 262 465 315 petiolata,
495 261 710 316 superiora
737 260 924 308 sessilis,
955 260 1234 315 magnitudine
1264 264 1418 303 sensim
1451 263 1691 306 decrescen-

40 329 118 378 tia,
156 331 387 382 segmentis
411 331 524 385 7-9
553 326 964 368 lineari-lanceolatis
995 327 1085 367 basi
1115 327 1238 383 longe
1268 333 1515 380 attenuatis,
1545 334 1692 374 acutis.

38 393 183 445 Rami,
223 396 260 434 si
289 394 462 447 adsunt,
491 392 728 445 filiformes,
762 393 911 444 foliati,
942 396 1241 450 erecto-patuli.
1300 396 1418 439 Folia
1451 400 1587 439 omnia
1617 399 1692 439 sub

39 461 151 502 lente
181 463 455 504 minutissime
485 461 678 502 ciliolata.
738 461 965 515 Corymbus
994 462 1069 502 sub
1109 463 1271 506 anthesi
1314 465 1577 522 fastigiatus,
1622 480 1694 522 po·

38 532 130 568 stea
159 529 377 585 elongatus
405 542 641 571 racemosus
682 528 810 570 laxus.
868 527 1014 569 Flores
1042 529 1277 583 pedicellati
1308 533 1523 586 pedicellis
1554 540 1694 587 paten-

39 595 148 636 tibus
177 597 256 637 2⁴⁰
285 597 435 654 longis.
495 596 649 651 Sepala
678 596 766 637 basi
797 600 961 636 saccata
985 596 1265 647 obtusissima,
1296 599 1446 641 lineam
1463 601 1601 656 longa,
1632 602 1692 642 lu-

38 665 240 704 tescentia
269 663 611 720 albo-marginata
649 663 907 719 glaberrima.
966 663 1110 704 Petala
1140 665 1313 707 obovata
1343 668 1384 707 in
1418 682 1594 724 unguem
1626 682 1691 710 cu-

39 731 191 770 neatim
232 735 454 787 angustata
490 730 660 771 candida
697 732 776 772 ΞΜ
812 731 937 787 longa
974 731 1125 771 lineam
1165 731 1259 773 lata.
1316 734 1502 776 Stamina
1546 738 1692 785 (etiam

44 797 251 853 longiora)
282 799 462 852 calycem
492 798 614 852 paulo
644 799 895 852 superantia,
925 796 1148 839 filamentis
1165 799 1488 841 membranaceis
1513 803 1692 857 pallidis,

41 864 223 906 antheris
267 868 400 906 ovatis
444 866 580 907 luteis.
641 865 845 906 Pistillum
891 867 1067 906 stamina
1110 865 1297 921 longiora
1335 881 1505 922 aequans
1553 871 1692 909 ovario

41 932 285 984 lanceolam,
317 933 426 987 stylo
456 934 548 988 ejus
579 932 818 974 diametrum
843 937 1049 987 aequante,
1080 935 1274 990 stigmate
1292 939 1489 976 truncato.
1522 936 1694 977 Silicula

41 999 283 1053 pedicellum
329 1000 592 1054 subsequaris
623 1000 778 1051 ovalis,
824 998 912 1040 basi
958 1000 1136 1042 breviter
1179 1005 1390 1043 attenuata
1432 1003 1692 1057 glaberrima,

41 1067 173 1107 valvis
204 1066 456 1126 dispermis3
496 1068 665 1108 Semina
695 1069 949 1116 (immatura)
979 1067 1157 1122 pendula
1187 1068 1381 1124 elliptica.

151 1133 342 1175 Proxima
371 1133 428 1175 H.
460 1136 628 1184 alpinae
656 1135 705 1176 R.
719 1134 802 1184 Br.,
833 1148 857 1175 a
888 1148 967 1189 qua
981 1135 1098 1176 caule
1120 1134 1284 1185 folioso,
1316 1135 1427 1176 soliis
1447 1137 1690 1193 multijugis,

40 1203 269 1257 segmentis
309 1203 558 1242 mucronatis
598 1201 849 1255 floribusque
888 1202 1014 1243 multo
1045 1203 1267 1258 majoribus
1298 1204 1427 1255 primo
1458 1205 1606 1245 intuitu
1636 1204 1691 1244 fa-

40 1269 119 1309 cile
147 1268 424 1325 distinguitur.
456 1294 509 1302 -
541 1269 684 1309 Dic-avi
715 1270 883 1323 stirpem
914 1270 1267 1326 elegantissimam
1299 1271 1476 1310 amiciss.
1538 1270 1693 1310 Bern-

42 1335 201 1378 hardo
231 1336 632 1387 Auerswaldio,
665 1337 853 1377 botanico
885 1338 1136 1390 peritissimo
1168 1336 1391 1391 Lipsiensi,
1423 1339 1490 1392 qui
1522 1351 1609 1379 eam
1642 1339 1692 1378 ab

44 1403 96 1446 H.
128 1407 271 1457 alpina
304 1403 536 1445 distinctam
569 1417 664 1444 esse
695 1405 849 1456 primus
879 1405 1081 1459 cognovit.

762 1470 963 1521 Capseuo.

152 1542 216 1581 92.
283 1538 329 1579 C.
361 1541 493 1579 bursa
520 1539 710 1593 pastoris
740 1539 888 1581 Vent.
920 1537 1049 1580 Rchb.
1080 1538 1133 1582 Ic.
1164 1539 1225 1582 Fl.
1258 1555 1385 1597 germ.
1418 1543 1444 1585 f.
1477 1549 1599 1589 4229.
1632 1548 1690 1590 Pl.

40 1619 124 1649 ers.
156 1605 247 1647 coll.
281 1618 371 1649 ven.
403 1619 442 1647 n.
476 1609 567 1648 152.

151 1672 199 1713 In
231 1672 456 1728 pinguibus
485 1674 636 1715 montis
667 1674 779 1716 Pena
810 1674 1015 1728 Gorveya,
1046 1674 1157 1729 Maio
1188 1690 1221 1720 c.
1252 1676 1289 1720 fl.
1322 1683 1362 1720 et
1378 1679 1425 1721 sr.
1458 1681 1536 1723 Per
1566 1687 1689 1725 totam

38 1740 293 1796 Hispaniam.

726 1808 1010 1851 Aethionema.

151 1878 218 1918 93.
278 1874 331 1915 A.
361 1877 545 1917 samnite
574 1876 623 1918 R.
656 1876 722 1918 Br.
783 1877 912 1920 Rchb.
945 1877 999 1920 lc.
1032 1879 1057 1920 l.
1088 1892 1119 1921 c.
1150 1878 1178 1921 f.
1210 1881 1331 1923 4227.
1391 1882 1450 1923 Pl.
1482 1897 1567 1924 exs.
1597 1885 1689 1929 con.

43 1956 133 1984 ven.
165 1956 204 1983 n.
237 1945 329 1985 297.

148 2009 193 2050 ln
230 2011 435 2065 glareosis
476 2012 624 2052 summi
656 2013 747 2068 jugi
789 2014 940 2055 montis
969 2014 1083 2056 Pena
1113 2012 1163 2056 de
1192 2014 1312 2056 ome!
1342 2017 1384 2056 in
1416 2018 1591 2073 Aragon.
1621 2032 1691 2061 su-

40 2091 125 2135 per.
156 2077 206 2119 ad
236 2077 305 2119 alt.
338 2079 465 2120 5000‘
493 2092 600 2120 raro.
633 2080 760 2121 Junio
791 2094 824 2121 c.
855 2080 896 2122 fl.
929 2085 970 2122 et
1000 2080 1048 2124 fr.

748 2147 986 2191 Senebiera.

152 2216 217 2256 94.
278 2211 323 2253 S.
354 2215 521 2265 didymo
554 2214 598 2255 P.
639 2214 768 2256 Rchb.
801 2215 856 2257 lc.
888 2216 914 2256 1.
948 2229 981 2257 c.
1012 2215 1038 2258 f.
1071 2218 1180 2259 4209
1208 2216 1317 2269 (icon
1347 2218 1691 2274 permediocrisl),

42 2281 83 2322 S.
115 2278 356 2335 pinnatifida
385 2279 468 2323 Dc,

153 2346 199 2388 ln
231 2346 434 2389 ruderatis
463 2348 574 2389 urbis
605 2350 690 2390 San
722 2348 955 2391 Sebastian.
988 2350 1097 2406 Majo
1130 2365 1164 2394 c.
1195 2351 1242 2396 fr.

734 2416 992 2468 Rapiscrum.

155 2486 219 2524 95.
278 2480 331 2525 R.
360 2494 562 2536 ruqosum
591 2483 684 2524 All.
745 2483 872 2524 Rchb.
913 2483 966 2526 lc.
996 2484 1021 2527 l.
1052 2498 1085 2528 c,
1113 2485 1138 2529 f.
1169 2489 1280 2528 4168
1309 2488 1379 2537 (ic.
1413 2487 1689 2538 mediocrisl).

45 2550 101 2592 Pl.
133 2563 218 2591 exs.
250 2549 343 2591 coll.
375 2562 466 2593 ven.
497 2563 535 2591 n.
568 2553 633 2592 70.
665 2549 744 2598 (ef.
776 2550 890 2593 Jord.
921 2551 1080 2595 observ.
1110 2551 1252 2610 fragm.
1286 2555 1354 2596 Vl.
1388 2569 1425 2609 p.
1458 2557 1547 2607 81.)

153 2615 201 2656 In
229 2616 349 2656 cultis
379 2620 420 2657 et
450 2620 639 2658 arenosis
668 2631 796 2672 prope
821 2617 965 2658 Bilbao
996 2623 1037 2659 et
1065 2619 1162 2660 alibi
1192 2623 1232 2661 in
1264 2621 1504 2672 Cantabria3
1536 2623 1577 2663 in
1608 2628 1689 2663 sie·

44 2682 189 2723 rilibus
216 2685 444 2738 margaceis
474 2697 600 2739 prope
628 2683 810 2725 Liedena
840 2685 881 2724 in
912 2684 1116 2737 Navarra3
1148 2688 1188 2728 in
1219 2689 1330 2742 agris
1361 2689 1593 2744 Aragoniae
1623 2703 1688 2730 su-

46 2750 220 2803 perioris
251 2754 327 2792 ete.
361 2749 485 2805 Majo,
517 2751 642 2792 Junio
674 2766 706 2792 c.
740 2751 779 2795 fl.
813 2756 854 2791 et
884 2750 931 2795 fr.
