1867 3215
183 76 250 121 40

297 199 343 240 In
387 195 634 252 graminosis
665 193 947 246 quereetorum
979 190 1020 228 in
1060 189 1188 229 latere
1226 188 1475 242 aragonensi
1495 189 1656 228 montis
1686 188 1826 230 Sierra

185 269 235 309 de
266 267 466 318 Moncayo
497 265 536 302 in
568 259 773 300 consortio
807 254 855 296 G.
885 257 1059 307 floridae
1088 255 1351 296 abundanter.
1385 254 1468 295 Jui.
1498 268 1529 296 c.
1557 254 1596 294 fl.
1622 259 1664 295 et
1679 254 1824 310 fr.juV.

295 333 387 372 obs.
420 330 593 382 Species
624 326 832 378 hucusque
863 324 983 377 plane
1015 324 1155 378 ignota
1186 335 1318 376 neque
1349 335 1372 361 e
1403 320 1678 374 descriptione
1696 335 1828 375 neque

185 403 367 442 exicone
385 398 420 438 cl
455 396 679 450 Ortegae
695 390 1002 447 cognoscenda!
1037 390 1121 445 Sed
1151 391 1378 443 specimina
1408 389 1626 443 originalia
1649 390 1690 428 in
1716 387 1826 428 herb.

183 481 269 523 reg.
299 464 540 507 madritensi
572 464 787 501 asservata
817 472 904 499 cum
938 459 1040 498 meis
1072 459 1235 498 omnino
1266 460 1517 510 congruunt,
1561 456 1617 494 ita
1646 458 1688 494 ut
1719 454 1830 495 dubi-

183 536 259 575 tari
299 546 378 573 non
419 531 572 583 possit,
613 528 707 581 quin
747 526 886 580 planta
925 540 948 565 a
988 538 1050 564 me
1091 525 1116 565 Ι.
1148 539 1179 564 c.
1215 538 1286 578 pro
1319 537 1423 564 nova
1454 523 1826 577 specieldescripta

182 604 307 655 stirps
338 601 391 639 sit
417 597 638 652 Ortegiana
681 594 890 649 Legumen
923 592 1206 632 brevissimum
1237 595 1397 632 ovatum
1416 591 1533 631 valde
1555 591 1826 632 acuminatum
1849 643 1858 645 s

181 667 445 710 5-ovulatum.

291 737 384 776 243.
449 729 496 772 G.
529 731 721 770 cinctoria
752 727 796 767 L.
829 725 963 781 Spach
995 726 1020 765 Ι.
1054 739 1084 765 c.
1117 726 1176 766 Pl.
1210 739 1294 769 exs.
1326 725 1417 767 coll.
1449 738 1537 766 ven.
1571 739 1610 766 n.
1642 729 1735 767 243.

292 800 339 840 In
369 799 534 855 pascuis
564 797 687 837 siccis
718 808 844 850 prope
876 794 1014 833 urbem
1047 792 1280 846 Pampiona.
1312 793 1407 834 Jun.
1441 807 1472 833 c.
1506 793 1543 834 ss.

911 858 1093 913 Cytisum

289 939 382 978 244,
441 931 485 972 0.
517 930 789 980 sessilifolius
820 927 864 967 L.

290 1002 336 1043 In
375 1001 551 1042 dumetis
589 1000 630 1038 in
671 998 777 1037 valle
808 995 920 1035 fluvii
953 995 1140 1048 Aragon,
1180 992 1229 1033 ad
1266 992 1425 1033 radices
1456 994 1605 1034 montis
1635 993 1747 1035 Pena
1776 993 1826 1034 de

182 1071 302 1112 Oroel
333 1074 374 1110 et
403 1070 444 1109 in
476 1066 651 1107 vallibus
681 1064 970 1116 Pyrenaeorum
1002 1062 1121 1116 Arag.
1155 1059 1430 1101 inferioribus.
1463 1061 1558 1104 Jun.
1591 1075 1624 1104 c.
1654 1061 1694 1102 fl.

290 1141 382 1178 245.
443 1135 486 1175 0.
518 1135 698 1183 supinus
727 1130 771 1173 L.

291 1204 336 1244 In
369 1202 573 1256 quercetis
603 1200 708 1239 inter
738 1197 841 1238 Jaca
872 1200 913 1236 et
943 1199 1115 1236 monast.
1149 1196 1232 1236 San
1257 1194 1366 1237 Juan
1398 1195 1446 1236 de
1477 1196 1516 1236 ia
1531 1196 1643 1237 Pena
1672 1197 1712 1236 in
1733 1197 1826 1236 Ara-

177 1285 272 1327 gon.
303 1283 439 1325 super.
471 1281 574 1309 raro.
604 1266 687 1309 Jul.
719 1280 751 1306 c.
783 1264 822 1304 fl.
855 1269 894 1304 et
927 1262 974 1302 fr.

911 1329 1098 1370 Recama.

286 1407 379 1446 246.
440 1400 493 1444 R.
526 1404 835 1453 sphaerocarpa
865 1397 1038 1437 Boiss.
1071 1396 1172 1449 Voy.
1207 1395 1288 1436 bot.
1320 1396 1414 1451 Esp.
1449 1411 1484 1451 p.
1521 1400 1612 1439 144.

284 1473 329 1512 ln
371 1472 558 1511 arenosis
596 1480 722 1523 prope
762 1465 979 1507 madritum
1020 1469 1060 1503 et
1101 1464 1199 1504 alibi
1239 1465 1279 1503 in
1321 1465 1501 1506 Castella
1539 1477 1656 1506 nova.
1717 1465 1817 1520 Aug.

173 1540 328 1595 absque
358 1539 446 1579 flor.
480 1542 521 1578 et
552 1536 667 1576 fruct.

834 1598 1164 1652 Arqyrolobium.

283 1677 375 1715 247.
436 1672 486 1712 A.
519 1671 809 1711 Lirmaeanum
838 1667 999 1720 Waip.
1033 1667 1154 1706 Gren.
1188 1664 1310 1705 Godr.
1342 1665 1404 1706 Fi.
1437 1665 1486 1706 de
1502 1665 1568 1706 Fr.
1602 1666 1633 1706 1.
1667 1681 1703 1720 p.
1727 1669 1820 1708 363.

171 1742 232 1783 Pl.
265 1755 348 1781 exs.
382 1740 472 1781 coll.
505 1752 595 1779 ven.
627 1751 665 1779 n.
696 1738 790 1778 372.
822 1733 1006 1786 (cytisus
1037 1736 1258 1788 argenteus
1288 1732 1332 1776 L.
1365 1733 1593 1774 Chasmone
1623 1737 1820 1789 argentea

174 1809 215 1848 C.
247 1809 291 1848 A.
324 1807 455 1860 Mey.)

283 1875 328 1914 ln
371 1873 620 1930 graminosis
661 1871 783 1911 siccis
826 1869 1094 1922 arenosisque
1123 1868 1316 1908 Navarrae
1356 1869 1566 1909 orientalis
1598 1873 1639 1908 et
1667 1868 1818 1924 Arago-

172 1942 288 1982 niae:
321 1954 447 1996 prope
476 1939 669 1986 Liedena,
701 1939 740 1977 in
772 1937 878 1977 vaile
909 1936 1021 1976 ssuvii
1052 1937 1212 1991 Aragon
1244 1940 1283 1975 et
1316 1937 1355 1974 in
1387 1937 1563 1977 vallibus
1593 1937 1824 1990 Pyrenaeo-

174 2021 266 2048 rum
297 2008 479 2048 inferior.
512 2019 641 2060 usque
671 2005 796 2046 3000¹
826 2004 993 2057 passim.
1023 2003 1119 2043 Jun.
1153 2017 1185 2043 c.
1218 2003 1257 2042 fl.
1292 2006 1331 2042 et
1362 2002 1408 2044 fr.
1435 2004 1520 2058 juv.

843 2069 1155 2119 Aclenocarpus.
1361 2098 1366 2101 -

284 2144 377 2183 248.
437 2141 488 2183 A.
519 2142 764 2191 hispanicus
793 2137 876 2177 Dc.
911 2137 969 2177 ΡΙ.
1004 2150 1089 2176 exs.
1125 2136 1216 2177 coli.
1250 2149 1338 2175 ven.
1371 2150 1408 2175 n.
1442 2138 1536 2177 552.

284 2209 328 2248 ln
361 2213 489 2248 tractu
521 2209 661 2248 Sierra
691 2206 741 2246 de
773 2203 1048 2244 Guadarrama
1087 2202 1136 2242 ad
1167 2203 1237 2242 alt.
1273 2204 1482 2244 4-5000‘
1511 2203 1664 2256 passim
1697 2201 1820 2241 abun-

173 2273 332 2314 danter:
367 2276 513 2314 Puerto
545 2274 594 2314 de
624 2269 838 2313 Reventon
870 2270 1231 2325 (copiosissirne!),
1262 2270 1409 2309 Puerto
1442 2269 1490 2308 de
1521 2269 1561 2308 la
1591 2268 1826 2317 Marenem,

173 2341 320 2381 Puerto
352 2340 401 2380 de
431 2341 469 2379 la
499 2339 707 2388 Fuenfria,
741 2339 887 2378 Puerto
920 2338 968 2377 de
1000 2334 1271 2386 Somosierra,
1305 2338 1409 2376 inter
1441 2349 1569 2391 pagos
1595 2335 1820 2376 Cercedilia

172 2411 213 2446 et
243 2407 520 2447 Guadarrama
550 2407 599 2446 ad
629 2406 697 2444 alt.
731 2405 868 2445 3000‘.
902 2405 1015 2458 Sept.
1047 2417 1079 2443 c.
1113 2403 1159 2442 fr.

283 2477 376 2515 249.
436 2474 484 2513 A.
516 2474 787 2511 intermedius
819 2471 899 2512 Dc,
931 2470 1066 2510 Prodr.
1100 2470 1149 2508 11.
1183 2484 1218 2522 p.
1256 2473 1344 2510 158.

286 2540 342 2580 Ad
381 2553 504 2594 rupes
543 2539 766 2593 granitices
809 2551 934 2590 prope
966 2537 1180 2576 Plasencia
1220 2538 1259 2574 in
1291 2533 1583 2574 Extremadura
1623 2536 1744 2585 atque
1775 2531 1814 2571 in

173 2607 376 2647 montibus
407 2608 510 2646 inter
541 2604 757 2646 Piasencia
790 2608 828 2642 et
860 2604 982 2658 Bejar
1013 2604 1176 2656 passim.
1211 2602 1294 2642 oct.
1328 2615 1360 2640 c.
1395 2600 1430 2640 ss.
1463 2605 1502 2640 et
1532 2598 1579 2638 fr.

918 2669 1075 2708 Onom's

284 2745 376 2783 250.
439 2740 484 2780 0.
516 2738 725 2787 fruticosa
757 2734 797 2774 L.
832 2736 890 2775 Pl.
924 2749 1007 2777 exs.
1041 2736 1131 2775 coll.
1165 2748 1252 2777 ven.
1286 2748 1322 2774 n.
1357 2737 1448 2774 255.

284 2808 328 2846 ln
361 2807 531 2847 collibus
561 2805 744 2845 dumosis
774 2801 823 2842 ad
855 2801 1017 2842 fluvium
1050 2803 1143 2843 irati
1176 2804 1215 2841 in
1248 2802 1428 2841 Navarra
1459 2799 1644 2851 copiose,
1683 2797 1813 2836 rarius

174 2875 213 2913 in
244 2875 351 2915 valle
382 2872 494 2913 fluvii
523 2875 697 2925 Aragon.
731 2869 826 2909 Jun.
861 2882 892 2908 c.
929 2868 965 2907 fl.
