1867 3215
127 108 191 151 88

127 235 231 272 inter
262 231 367 270 Bera
397 231 437 267 et
470 228 603 281 BorJa,
637 226 742 264 circa
774 225 996 278 Zaragoza‚
1029 224 1141 264 Julio
1171 239 1204 265 c.
1238 225 1321 264 flor.
1369 222 1550 265 Abundat
1581 225 1619 264 in
1651 225 1771 279 argil-

125 301 226 340 losis
258 295 461 337 Castellae
492 306 622 333 novae
654 294 872 346 praecipue
903 292 1168 332 australioris.

829 358 1074 399 Centaurea.

236 434 329 472 571.
392 429 435 469 0.
477 426 833 475 dracunculis‘olia
872 425 1074 467 Dufour
1125 429 1164 466 in
1208 428 1306 466 Ann.
1358 428 1512 466 scienc.
1550 431 1631 466 nat.
1673 430 1769 466 tom.

127 498 273 539 xxm.
306 499 452 547 (1831)
484 510 520 550 p.
554 498 643 536 157.
677 520 726 525 —
759 495 817 534 Pl.
851 508 937 533 exs.
969 495 1058 533 coll.
1093 507 1182 534 ven.
1217 509 1253 533 n.
1283 497 1375 535 489.
1423 494 1485 542 (C.
1520 507 1657 533 amara
1686 493 1769 541 ff?

127 563 462 606 dracunculifolia
494 563 600 602 DeC.
635 561 772 602 Prodr.
804 561 871 603 Vl.
906 576 940 614 p.
975 564 1089 612 570.)

237 632 282 673 ln
322 631 571 687 graminosis
611 629 787 669 humidis
828 628 876 668 ad
917 629 1045 668 lacum
1088 626 1281 669 Albufera
1315 630 1432 682 juxta
1471 640 1617 682 pagum
1649 628 1768 668 Salen·

125 702 228 740 satis
260 699 464 753 frequens.
499 699 599 751 Aug.
630 711 664 737 c.
697 696 781 736 flor.
816 700 856 735 et
886 695 932 735 fr.

237 768 331 807 Obs.
366 766 410 807 C.
434 777 581 805 amara
601 764 660 812 L.,
691 778 778 804 cum
798 764 938 816 quael.
960 763 1270 802 Candollius
1299 764 1324 802 l.
1358 777 1389 805 c.
1422 763 1600 817 plantam
1633 763 1767 803 valen-

124 838 249 876 tinam
282 847 306 874 a
334 835 382 873 cl.
408 832 612 873 Dufour
643 830 746 871 bene
777 831 1019 884 descriptam
1054 831 1149 870 licet
1179 830 1410 870 dubitanter
1441 831 1662 885 conjungit,
1696 829 1769 870 dif-

124 903 201 944 fert
231 901 397 942 floribus
428 898 719 955 marginalibus
751 899 876 938 multo
908 896 1070 937 brevius
1101 896 1377 945 radiantibus,
1418 896 1528 937 foliis
1559 898 1681 937 multo
1713 898 1765 937 la-

123 969 294 1010 tioribus
325 969 499 1009 caulinis
531 966 616 1006 basi
648 966 849 1015 dentatis,
881 966 996 1005 caule
1027 965 1205 1013 sulcato,
1236 964 1419 1004 aclieniis
1449 963 1659 1018 puberulis
1690 970 1766 1004 etc.

123 1037 167 1077 0.
198 1049 348 1076 amara
387 1037 426 1075 in
459 1035 657 1087 Hispania
697 1034 865 1073 australi
906 1047 983 1072 non
1024 1034 1102 1071 nisi
1133 1034 1341 1087 regionem
1372 1030 1627 1084 subalpinam
1658 1031 1767 1072 iulia-

126 1104 253 1144 bitare
286 1103 454 1143 videtur.
489 1102 548 1143 Cf.
583 1102 715 1140 Boiss.
748 1113 839 1152 voy.
874 1100 966 1152 Esp.
1000 1100 1134 1149 Flore,
1168 1114 1204 1152 p.
1237 1102 1328 1140 342.

237 1174 329 1213 572,
389 1168 431 1210 C.
463 1171 585 1224 niqra
617 1167 659 1208 [ι.
692 1167 815 1208 Gren.
849 1166 968 1206 Godr.
1012 1167 1036 1209 Ι,
1077 1181 1109 1206 e.
1156 1181 1190 1220 p.
1234 1169 1325 1206 243.
1368 1189 1421 1195 —-
1460 1166 1519 1208 Pl.
1557 1179 1643 1206 exs,
1676 1167 1766 1207 coll.

123 1253 210 1280 ven.
245 1253 282 1278 n.
316 1240 406 1279 218.

235 1306 279 1346 ln
314 1307 439 1358 pratis
475 1305 514 1341 in
548 1302 651 1341 valle
683 1301 793 1340 fluvii
826 1300 1029 1340 Bidassoa
1056 1313 1182 1354 prope
1199 1298 1398 1340 Zumbilla
1428 1301 1468 1340 in
1497 1301 1676 1341 Navarra
1705 1315 1767 1341 co-

121 1377 249 1429 piose.
284 1373 408 1413 Junio
442 1385 474 1409 c
509 1369 594 1408 flor

232 1442 326 1480 Var
359 1450 488 1479 mmor
519 1434 777 1475 decumbens.
811 1436 855 1474 ln
887 1435 1134 1489 graminosis
1166 1435 1326 1475 collium
1350 1435 1620 1475 calcarearum
1641 1449 1766 1490 prope

121 1513 244 1556 Yrun
276 1508 312 1547 d.
349 1511 410 1548 17.
445 1502 633 1543 Decemb.
667 1517 700 1545 c.
733 1503 817 1542 flor.

229 1578 321 1617 573.
382 1574 423 1613 0.
455 1571 823 1622 ceplmlure'aefolia
854 1583 895 1609 u.
928 1583 988 1617 sp.
1022 1570 1252 1609 Perennis?
1285 1570 1398 1609 caule
1425 1576 1558 1610 erecto
1578 1571 1763 1622 simplice

121 1644 185 1684 vel
224 1645 339 1696 apice
379 1655 500 1694 parce
539 1647 578 1678 et
609 1638 784 1677 breviter
813 1651 999 1686 ramoso,
1043 1624 1152 1675 foliis
1184 1635 1428 1677 radicalibus
1459 1638 1667 1690 petiolatis
1699 1636 1767 1677 ob-

122 1717 240 1751 ovato
260 1709 468 1763 ·oblongis
507 1707 570 1746 vel
601 1704 846 1759 spathulatis
879 1702 1192 1743 inciso-Iobatis
1223 1704 1285 1742 vel
1331 1704 1768 1758 lyrato-pinnatisectis

121 1780 280 1833 (primis
310 1779 400 1817 sine
431 1774 550 1815 dubio
584 1774 789 1826 integris),
821 1772 992 1811 caulinis
1024 1769 1241 1809 sessilibus
1272 1772 1440 1811 circuitu
1469 1770 1656 1826 oblongis
1678 1785 1766 1825 pro·

123 1846 245 1886 funde
278 1843 611 1898 pinnatipartitis,
643 1840 804 1879 laciniis
833 1838 1073 1877 lanceolatis
1103 1850 1247 1891 grosse
1278 1841 1317 1876 et
1350 1839 1617 1892 inaequaliter
1633 1852 1762 1878 serra-

123 1915 174 1953 tis
206 1913 269 1953 vel
303 1909 598 1951 inciso-lobatis
630 1908 693 1946 vel
724 1906 896 1961 integris
927 1906 1041 1958 apice
1072 1902 1340 1957 dentibusque
1374 1908 1643 1955 mucronatis,
1675 1904 1763 1945 hasi

121 1979 291 2020 sinubus
323 1978 505 2019 rotundis
538 1975 832 2022 interstinctis,
865 1973 1025 2012 laciniis
1056 1969 1206 2010 infimis
1237 1972 1643 2013 auriculaeformibus
1674 1987 1765 2013 cau-

122 2049 198 2088 lem
231 2042 595 2100 amplectentibus3
637 2041 827 2093 capitulis
867 2039 916 2079 ad
955 2040 1111 2091 apicem
1143 2039 1271 2077 caulis
1304 2040 1365 2077 vel
1397 2053 1595 2079 ramorum
1627 2041 1766 2080 solita-

121 2117 216 2163 riis,
262 2112 441 2152 anthodii
487 2111 594 2149 ovati
639 2107 726 2146 basi
768 2105 989 2146 umbilicati
1029 2103 1157 2158 glabri
1197 2107 1377 2157 squamis
1417 2112 1526 2145 arcte
1556 2107 1764 2160 adpressis

121 2183 296 2237 magnis,
329 2177 477 2218 infimis
509 2177 588 2215 late
619 2176 764 2223 ovatis,
798 2172 941 2211 mediis
971 2172 1052 2210 late
1069 2172 1460 2220 ovato-lanceolatis‚
1494 2175 1645 2213 intimis
1664 2175 1763 2214 lato-

121 2247 358 2295 linearibus,
389 2242 575 2285 omnibus
606 2241 698 2282 inde
729 2255 752 2280 a
782 2240 913 2280 medio
943 2243 1115 2294 anguste
1146 2243 1186 2277 et
1217 2241 1397 2278 scariose
1428 2242 1765 2295 nigro-margina-

123 2318 176 2355 tis
213 2321 254 2354 et
293 2312 516 2366 appendice
554 2308 792 2363 triangulari
824 2308 938 2361 nigro
970 2303 1169 2344 fimbriato
1203 2307 1432 2354 instructis3
1480 2305 1646 2347 floribus
1676 2322 1764 2362 per-

123 2384 285 2427 sii-inin,
328 2376 619 2433 marginalibus
660 2375 835 2414 breviter
873 2372 1152 2421 radiantibus;
1197 2373 1378 2412 acheniis
1423 2374 1761 2414 cinereo-fuscis

124 2449 369 2501 compressis
401 2444 588 2499 oblongis
617 2443 793 2482 curvulis
826 2440 1054 2494 puberulis‚
1088 2437 1277 2479 umbilico
1314 2438 1502 2486 barbato,
1535 2454 1666 2495 pappo
1699 2454 1766 2481 ex-

125 2518 274 2556 teriore
305 2511 557 2567 longitudine
588 2509 761 2556 achenii,
794 2511 986 2548 interiore
1016 2505 1269 2546 brevissimo.

235 2580 334 2621 llab.
366 2582 405 2619 in
436 2579 620 2619 arenosis
651 2577 846 2615 calcareis
879 2576 1105 2632 Aragoniae
1136 2574 1327 2613 australis
1358 2578 1397 2614 et
1427 2574 1618 2614 Castellae
1645 2588 1762 2616 uovae

123 2646 507 2691 boreali-orientalis
546 2646 720 2697 passim:
761 2642 809 2681 ad
849 2644 1054 2681 vinearum
1096 2642 1302 2695 margines
1347 2655 1469 2694 prope
1506 2641 1691 2690 Daroca,
1723 2643 1762 2682 in

123 2714 376 2771 rupestribus
421 2726 544 2766 prope
587 2709 995 2750 l'rados-Redondos
1036 2712 1076 2746 et
1115 2706 1235 2754 alibi,
1277 2707 1326 2747 ad
1358 2708 1424 2746 alt.
1463 2710 1761 2749 1500-3500‘.

124 2782 278 2823 Diebus
308 2785 360 2822 26
393 2784 433 2819 et
464 2783 515 2820 29
532 2778 632 2818 Julii
660 2790 692 2816 c.
729 2775 811 2815 flor.
846 2781 885 2814 et
915 2775 976 2824 fr,
1008 2774 1079 2814 sed
1110 2774 1219 2813 toliis
1250 2772 1493 2813 radicalibus
1525 2773 1609 2813 fere
1640 2775 1762 2815 desti-

125 2855 209 2890 tuta
240 2853 279 2888 et
310 2848 429 2887 dente
460 2844 678 2884 bestiarum
711 2842 826 2882 valde
858 2843 1053 2882 mutilata.

236 2915 266 2956 E
306 2914 488 2954 sectione
521 2910 772 2961 Loplcoloma
804 2908 946 2950 Casa.
977 2906 1100 2959 (Deci
1139 2907 1200 2948 Pr.
1246 2907 1311 2948 Vl.
1356 2921 1392 2960 p.
1428 2908 1539 2960 580.)
1571 2909 1686 2960 Juxta
1717 2908 1760 2947 C.

1830 1539 1840 1545 Χ

1855 1554 1862 1558 Δ
1848 983 1867 1534 r—..;A„'.-³..n—-.⁴-..‹-.-.-..—*.⁴‚..-.·.-1
1855 840 1867 973 Anah—a
1842 456 1867 827 rfsss-an—ssndmuueae
1860 420 1867 428 ,
1858 368 1867 385 ,n
1852 349 1857 354 “
1859 301 1867 314 ι.
1858 261 1867 273 ι

1857 2783 1867 2808 λ
