1867 3215
149 59 215 106 70

260 186 361 228 Hah.
402 186 452 227 ad
492 187 673 241 parietes
712 185 926 227 umbrosas
965 187 1152 230 humidas
1194 191 1432 230 monasterii
1471 178 1559 233 ani
1613 185 1797 231 iSaneti

152 252 330 293 Joannis
368 254 432 299 (S.
464 252 572 293 Juan
612 252 662 292 de
699 252 740 292 la
769 252 896 299 Pena)
938 268 1065 310 prope
1095 256 1221 306 Jaca,
1265 256 1315 296 ad
1355 257 1423 298 alt.
1462 258 1570 298 circa
1599 258 1726 299 3000‘
1753 258 1795 298 in

154 321 359 360 consortio
389 318 699 370 Petrocopcidis
723 323 999 372 pyrenaioae,
1041 323 1108 364 ubi
1149 325 1186 366 d.
1216 328 1254 365 2.
1287 323 1388 364 Julii
1417 314 1630 365 florentem
1659 323 1797 366 fructi-

148 385 356 440 feramque
386 387 482 442 legi.

257 453 402 494 Planta
433 466 636 510 pygmaea
665 467 714 494 ex
745 452 945 496 affinitate
981 455 1027 499 V.
1045 457 1438 511 ylobulariaef'oliae
1468 461 1508 498 et
1542 456 1590 497 V.
1620 460 1797 510 supinae

146 520 370 560 rliizomate
410 522 450 561 in
481 519 643 561 fissuris
673 533 874 562 murorum
910 524 1065 564 occulto
1104 537 1243 564 crasso
1273 525 1513 580 sublignoso
1543 539 1678 566 ramos
1707 526 1796 566 bre·

151 601 221 626 res
253 587 420 628 ltasibus
452 588 692 640 petiolorum
724 587 909 629 foliorum
941 594 1190 630 vetustorum
1223 597 1489 644 exasperatos
1522 592 1660 633 fuscos
1682 598 1796 647 patu—

150 656 212 694 los
243 655 542 695 adscendentes
574 656 613 694 in
642 654 802 695 rosulas
834 655 1018 696 soliorum
1051 657 1202 697 densas
1233 658 1471 698 desinentes
1489 659 1647 699 edente.
1680 659 1797 700 Folia

147 723 375 762 rosularum
407 723 447 762 in
478 721 774 775 speciminibus
806 723 1013 762 veteribus
1046 738 1168 776 parva
1188 725 1363 764 breviter
1389 725 1600 778 petiolata,
1630 727 1670 766 in
1702 740 1791 779 spe-

147 788 362 829 ciminibus
397 789 629 842 junioribus
669 789 910 844 longissime
953 791 1150 842 petiolata
1180 793 1333 846 majora
1365 793 1539 846 (petiole
1573 794 1794 834 1“—14“‘

145 857 282 911 longo,
314 857 471 905 lamina,
495 857 657 897 4—-6“‘
674 857 811 911 longa,
842 858 1139 906 3-4‘111ata)‚
1171 859 1331 898 caulina
1361 872 1504 913 pauca,
1538 861 1671 899 omnia
1701 873 1792 899 con-

144 923 289 963 formia
316 923 574 978 glaberrima,
607 924 714 963 laete
746 923 904 971 viridia,
935 925 1223 974 crassiuscula,
1255 927 1437 979 margine
1469 926 1669 966 interdum
1701 927 1793 967 sub-

144 990 352 1030 undulata.
417 990 567 1031 Gaules
585 990 792 1031 floriferie
812 990 1038 1030 rosularum
1072 990 1202 1030 medio
1234 997 1496 1046 erumpentes
1527 993 1636 1033 soliis
1666 994 1791 1034 multo

144 1056 380 1107 breviores,
420 1059 460 1097 in
498 1057 792 1110 speciminibus
831 1058 1039 1097 veteribus
1070 1058 1248 1098 subnulli
1279 1061 1335 1099 ita
1365 1064 1407 1100 ut
1438 1060 1560 1100 flores
1590 1059 1791 1101 radicales

140 1128 376 1178 appareant.
439 1124 626 1164 Corollae
655 1137 800 1164 roseae
831 1130 1005 1178 anguste
1038 1125 1256 1165 tubulosse
1293 1128 1371 1168 7¹⁰
1402 1127 1549 1182 longae
1580 1127 1692 1166 limbi
1723 1141 1790 1180 pa-

143 1191 218 1229 tuli
258 1191 363 1230 loliis
402 1190 632 1231 rotundatis
663 1191 758 1231 tubo
790 1192 878 1231 basi
911 1192 1031 1246 gibbo
1063 1193 1200 1232 sexies
1232 1193 1498 1243 brevioribus,
1532 1195 1571 1233 in
1603 1195 1791 1248 specimi-

149 1257 269 1298 nibus
301 1258 506 1298 veteribus
534 1256 686 1298 efoliis
704 1260 871 1307 exserti,
902 1259 1186 1312 injunioribus
1218 1260 1323 1299 inter
1353 1259 1450 1300 folia
1481 1261 1640 1301 occulti.
1672 1259 1795 1302 Frue-

139 1329 205 1365 tus
236 1327 313 1365 2¹0
344 1325 470 1380 longi.
851 1320 858 1331 ⁹
1527 1320 1544 1329 ³

252 1394 283 1432 A
322 1391 367 1432 V.
397 1392 765 1446 qlobulariaef'olia
794 1392 953 1441 Ram,
995 1406 1083 1432 cum
1117 1405 1194 1446 qua
1225 1394 1402 1446 plantam
1435 1401 1616 1436 nostram
1647 1395 1792 1436 identi-

140 1472 227 1499 cam
271 1473 364 1499 esse
402 1459 562 1513 quidam
605 1461 757 1513 opinati
797 1464 912 1509 sunt,
953 1460 1112 1500 abunde
1152 1460 1287 1501 differt
1317 1461 1502 1502 caulibus
1533 1463 1789 1504 brevissimis

143 1539 268 1581 saepe
303 1527 447 1575 nullis,
489 1526 599 1566 foliis
640 1527 827 1566 omnibus
858 1527 1133 1567 conformibus
1164 1529 1438 1583 integerrimis
1469 1529 1593 1569 multo
1623 1530 1787 1585 longius

142 1594 366 1647 petiolntis,
397 1593 559 1633 corollis
590 1594 709 1648 triplo
741 1594 994 1649 longioribus
1025 1599 1200 1649 anguste
1217 1596 1433 1646 tubulosis,
1462 1595 1661 1636 fructibus
1682 1610 1788 1637 com-

140 1663 321 1714 pressis,
360 1673 442 1700 non
483 1661 789 1716 subtetragonis
829 1667 870 1701 et
910 1662 992 1701 alia
1029 1663 1191 1701 omnino
1223 1654 1382 1702 ratione
1413 1665 1668 1705 constructis.
1727 1663 1786 1704 cf.

141 1727 457 1780 descriptionem
477 1726 926 1777 V.9100uea1·2·aef0ccae
955 1730 1304 1768 accuratissimam
1335 1731 1375 1769 in
1395 1730 1544 1770 Gren.
1564 1731 1633 1770 Go
1647 1730 1710 1771 dr.
1724 1730 1785 1771 Fl.

137 1793 203 1834 Fr.
237 1793 272 1833 li
322 1809 359 1846 p.
392 1798 459 1844 56,
491 1809 580 1835 cum
613 1809 692 1850 qua
722 1797 931 1850 specimen
963 1795 1238 1836 authenticum
1269 1810 1292 1836 a
1333 1797 1380 1835 cl.
1413 1796 1676 1851 Lagasca,
1717 1799 1784 1851 qui

141 1861 242 1901 hanc
286 1866 460 1914 plantam
502 1864 542 1902 in
583 1863 681 1903 Nov.
723 1876 815 1918 gen.
854 1868 896 1902 et
935 1877 997 1917 sp.
1030 1877 1068 1902 n.
1105 1866 1154 1903 16
1186 1863 1260 1903 sub
1293 1865 1456 1904 nomine
1493 1864 1541 1903 V.
1572 1867 1786 1914 rupicolae

141 1942 213 1982 pro
259 1942 362 1968 noxa
407 1928 647 1982 descripsit,
695 1931 736 1970 in
773 1931 862 1970 loco
901 1931 1100 1978 classico,
1143 1935 1281 1971 monte
1311 1932 1500 1972 Asturiae
1530 1931 1787 1973 Penafurada

137 1996 244 2036 dicto
286 1998 456 2044 lectum,
501 1996 607 2050 quod
648 1996 840 2051 possideo
882 2010 930 2037 ex
972 1996 1079 2037 herb.
1123 1997 1575 2049 Boutelouano,
1619 2001 1782 2039 omnino

141 2067 340 2118 congr-uzi.

248 2132 280 2171 A
318 2129 363 2173 V,
394 2133 548 2180 supc’na
590 2131 634 2172 11-
683 2130 791 2172 foliis
835 2131 958 2185 longe
1003 2130 1237 2184 petiolatiS,
1283 2130 1467 2171 caulibus
1514 2131 1784 2183 brevissimis,

138 2198 313 2238 bracteis
353 2198 506 2253 glabris
547 2198 739 2240 brevibus
777 2211 853 2238 nec
893 2198 1043 2237 oiliatis
1085 2197 1237 2237 fructos
1267 2198 1581 2252 superantibus,
1623 2199 1786 2239 corollis

74 2263 79 2275 ‘
140 2266 393 2318 longissimis
435 2269 601 2318 totoque
642 2265 781 2306 habitu
822 2265 1133 2305 distinctissima
1164 2270 1239 2305 est.
1299 2265 1573 2320 Longitudine
1613 2271 1654 2306 et
1693 2279 1786 2321 gra-

137 2332 288 2371 cilitate
320 2332 559 2371 corollarum
591 2334 698 2372 inter
729 2347 870 2373 omnes
904 2333 1154 2372 Valere‘anas
1186 2346 1412 2386 europaeas
1443 2334 1632 2384 excellit,
1663 2338 1786 2386 atque

139 2398 187 2438 ad
219 2412 348 2453 genus
383 2398 668 2438 emeramnus
698 2400 867 2440 accedit.

250 2467 343 2505 Οὐκ.
404 2467 559 2506 Nomen
598 2464 642 2505 V.
674 2478 887 2517 ‹fa-scopae
923 2481 946 2506 a
978 2480 1041 2506 me
1074 2468 1112 2505 in
1144 2465 1350 2507 schedulis
1381 2467 1429 2507 ad
1462 2469 1624 2521 plantas
1654 2468 1783 2506 exsic-

138 2537 249 2572 catas
281 2533 413 2571 datum
447 2546 534 2574 cum
567 2535 730 2572 nomine
754 2534 1056 2587 V.lonfis101·ae
1082 2536 1338 2582 commutavi,
1369 2534 1472 2587 quod
1504 2547 1649 2574 nomen
1685 2534 1783 2573 illud

135 2600 410 2640 characterem
441 2601 594 2654 speciei
626 2601 916 2650 essentialem,
956 2603 1021 2654 qui
1062 2602 1152 2640 sine
1193 2601 1313 2640 dubio
1355 2601 1565 2654 longitudo
1607 2601 1783 2640 corollae

139 2669 285 2707 eximia
316 2671 392 2716 est,
424 2680 502 2706 non
534 2666 677 2714 reddit,
712 2681 786 2707 nec,
818 2669 956 2721 planta
987 2670 1101 2708 caule
1133 2681 1274 2708 revera
1309 2672 1429 2708 caret.

249 2738 340 2775 473.
409 2733 631 2773 Valeriana
671 2740 867 2773 montana
909 2735 949 2775 L.
1010 2735 1136 2775 Rchb.
1182 2735 1233 2774 lc.
1280 2735 1339 2774 1³1.
1383 2748 1421 2788 g.
1466 2735 1489 2773 l.
1530 2748 1563 2773 c.
1610 2733 1634 2773 f.
1678 2736 1783 2774 1423

140 2803 250 2849 (icon
283 2802 465 2848 bonust).
499 2824 552 2830 —-
582 2802 641 2842 ΡΙ.
675 2815 759 2842 exs.
793 2802 883 2841 coll.
919 2815 1005 2842 ven.
1039 2817 1076 2842 n.
1110 2805 1200 2843 161.

248 2867 292 2909 ln
335 2867 496 2911 fissuris
536 2870 695 2924 rupium
735 2871 885 2910 montis
931 2872 1104 2910 calcarei
1144 2870 1257 2912 l'ena
1298 2869 1488 2921 Gorveya
1528 2869 1568 2909 in
1608 2868 1784 2928 Vizeayn
