1867 3215
187 73 248 116 16

938 195 1091 238 Cokile.

293 265 359 305 96,
416 261 460 305 0.
490 263 700 302 muriciam
729 263 880 317 Scop.
940 261 1071 302 Rchb.
1104 259 1155 304 lc.
1186 261 1210 301 l.
1244 276 1276 304 c.
1308 262 1333 304 f.
1367 265 1489 306 4158.
1528 263 1588 306 Pl.
1619 257 1830 307 exsscoli.

183 343 271 372 ven.
303 343 341 372 n.
371 332 466 370 516.

293 396 339 436 ln
378 394 587 437 sabulosis
626 396 676 437 ad
717 408 828 437 oram
868 395 993 436 maris
1031 394 1319 438 mediterranei
1350 410 1407 451 pr.
1442 395 1685 437 Valentiam.
1726 395 1828 448 Aug.

184 477 216 504 c.
251 463 286 503 ss.
321 467 361 502 et
390 461 437 505 fr.

843 530 1169 572 Cistineae.

929 596 1081 637 Uiscus.

282 666 348 705 97.
411 661 454 702 0.
486 661 729 712 salvifolius
757 663 801 705 L.
859 663 986 705 Rchb.
1027 663 1081 705 Ic.
1123 664 1182 705 ΕΙ.
1224 677 1262 719 g.
1303 663 1376 709 lu.
1406 663 1433 704 f.
1466 666 1587 706 4559.
1647 662 1705 706 ΡΙ.
1736 675 1825 702 exs-

181 730 271 769 coll.
305 743 394 771 ven.
425 742 463 770 n.
495 733 561 771 75.

291 796 336 836 ln
374 796 546 837 collibus
587 796 769 837 dumosis
806 799 846 838 in
878 797 1095 838 Cantabria
1134 796 1374 837 occidentaii
1404 797 1498 839 inde
1530 797 1578 838 ab
1612 797 1711 838 urbe
1742 796 1824 836 Bil-

183 865 272 913 bno,
305 865 412 904 circa
441 864 734 914 Somorrostro,
765 865 982 917 Sopuerta,
1016 865 1173 913 Castro,
1207 864 1374 914 Orozco,
1404 864 1599 905 Zornoss.
1651 863 1759 918 Majo
1790 876 1822 905 c.

179 930 219 972 ss.
256 932 296 970 in
327 931 531 986 Aragonia
558 931 766 980 inferiore,
798 944 924 986 regno
957 931 1162 971 valentino
1195 935 1359 984 totaque
1391 932 1588 985 Hispania
1620 930 1802 972 centrali.

289 1000 354 1040 98.
415 997 458 1038 0.
491 1001 803 1048 monspeliensis
834 998 875 1040 1..
907 998 1033 1038 Rchb.
1067 998 1120 1037 lc.
1153 998 1178 1039 Ι.
1213 1012 1244 1038 c.
1279 997 1305 1038 f.
1337 1001 1464 1041 4561.

290 1064 336 1104 ln
366 1066 534 1105 ericetis
563 1063 880 1104 Extremadurae
912 1064 1116 1118 frequens.
1154 1065 1236 1105 Oct.
1271 1078 1301 1105 c.
1333 1064 1381 1105 fr.

289 1135 353 1174 99.
414 1131 457 1172 0.
489 1131 736 1180 laurifolius
766 1130 808 1172 L.
841 1131 968 1172 Rchb.
1003 1131 1055 1172 lc.
1090 1132 1114 1173 1.
1147 1146 1178 1174 c.
1214 1131 1238 1173 f.
1271 1134 1390 1173 4563.
1427 1131 1701 1174 P1.exs.cou.
1734 1143 1822 1170 ven.

178 1212 215 1240 n.
250 1201 343 1240 403.

288 1265 333 1304 ln
366 1265 570 1318 quercetis
599 1266 641 1304 in
672 1265 800 1305 latere
831 1267 1078 1320 aragonensi
1110 1267 1260 1305 montis
1290 1266 1430 1306 Sierra
1467 1265 1516 1306 de
1545 1264 1746 1317 Moncayo
1777 1264 1827 1304 ad

177 1332 248 1371 alt.
281 1346 314 1374 c.
349 1332 644 1372 1500—2500‘
671 1333 850 1384 copiose.
909 1334 990 1374 Jul.
1024 1347 1056 1376 c,
1088 1332 1125 1372 ss.
1182 1333 1226 1372 ln
1260 1334 1463 1386 quercetis
1494 1345 1620 1386 prope
1652 1332 1826 1380 Daroca,
1855 1349 1867 1373 ⁴

179 1398 333 1438 Molina
363 1398 413 1438 de
445 1400 624 1452 Aragon,
655 1399 762 1438 circa
792 1386 1114 1440 Hiendelaiicina
1146 1401 1186 1439 in
1209 1400 1316 1441 Cast.
1349 1413 1483 1447 nova5
1512 1412 1636 1453 prope
1667 1391 1827 1453 Burgus

176 1467 216 1505 in
249 1465 358 1507 Cast.
392 1468 546 1505 vetere.
1067 1454 1071 1461 ¹

293 1535 382 1574 100.
444 1531 487 1571 C.
519 1531 788 1581 ladaniferus
817 1532 860 1574 L.

292 1598 337 1638 In
368 1599 554 1639 arenosis
584 1598 633 1637 ad
662 1598 821 1639 radices
851 1600 1140 1641 meridionales
1172 1601 1366 1641 montium
1398 1601 1504 1640 inter
1521 1604 1733 1653 utramque
1752 1598 1825 1639 Ca·

177 1667 339 1707 stellam
381 1669 502 1720 atque
542 1666 646 1706 inter
675 1666 1006 1708 Extremaduram
1046 1681 1297 1723 regnumque
1330 1667 1629 1723 Legionensem
1659 1668 1826 1706 sitorum

178 1734 394 1787 frequens,
439 1737 589 1787 quanto
634 1735 765 1789 magis
796 1735 1047 1775 occidentem
1079 1748 1242 1783 versus,
1287 1739 1399 1774 tanto
1441 1735 1668 1787 copiosius:
1716 1735 1823 1773 circa

173 1799 517 1846 Hiendelaecina,
558 1813 617 1853 pr.
651 1800 833 1852 chozas,
865 1802 1114 1853 Cercedilla,
1153 1802 1191 1842 el
1231 1801 1438 1851 Escorial,
1481 1802 1586 1841 inter
1618 1800 1817 1854 Oropesa,
1861 1838 1865 1841 ,

179 1867 293 1908 Torii
323 1870 364 1906 et
394 1866 623 1908 Plasencia.
656 1868 769 1921 Sept.
804 1870 887 1910 Oct.
918 1884 949 1910 c.
984 1870 1030 1910 fr.

827 1936 1176 1977 Heliamhemum.

289 2004 382 2042 101.
444 1998 500 2041 H.
534 2003 798 2042 umbelcatum
828 2004 957 2045 Mill.
991 2004 1072 2045 DC.
1103 2002 1243 2045 Prodr.
1276 2002 1305 2043 1.
1338 2017 1375 2057 p.
1408 2005 1500 2045 267.

288 2069 428 2108 Sierra
465 2067 516 2107 de
557 2068 834 2111 Guadarrama
870 2071 958 2110 loco
990 2071 1138 2111 Puerto
1179 2070 1228 2110 de
1261 2069 1498 2117 Revenn'm,
1539 2069 1748 2121 copiosius
1780 2068 1819 2107 in

179 2135 352 2177 coilibus
382 2135 567 2175 arenosis
598 2137 703 2177 inter
731 2138 832 2179 Alba
861 2137 911 2179 de
941 2137 1099 2178 Tornes
1130 2142 1169 2177 et
1200 2138 1453 2179 Salamanca.
1491 2137 1575 2176 Oct.
1606 2134 1698 2174 defl.

291 2206 383 2244 102.
441 2201 499 2243 H.
531 2207 760 2255 ocymoide³
790 2206 833 2247 P.
875 2205 955 2246 DC.
991 2205 1013 2244 Ι.
1047 2219 1079 2246 c.
1119 2203 1237 2252 (cist.
1270 2202 1523 2258 sampucifol.
1571 2202 1666 2242 Gav.
1701 2201 1752 2240 lc.
1789 2200 1820 2243 1.

180 2285 217 2327 p.
250 2274 315 2312 65.
348 2275 375 2310 t.
407 2270 495 2315 96.)

290 2337 335 2376 ln
365 2335 531 2375 ericetis
561 2334 877 2379 Extremadurae
907 2340 1010 2379 inter
1041 2338 1222 2391 Oropesa
1253 2343 1293 2376 et
1322 2337 1455 2389 'l'oril2
1491 2342 1610 2390 atque
1641 2336 1680 2375 in
1713 2347 1822 2374 mon-

178 2407 286 2446 tibus
317 2405 422 2442 inter
451 2401 667 2442 Plasencia
698 2409 737 2443 et
766 2406 888 2460 Bejar
918 2407 1097 2460 copiose.
1132 2406 1216 2444 Oct.
1249 2404 1338 2444 dess.

293 2473 384 2512 103.
446 2466 500 2506 H·
533 2470 826 2519 halime'l'olium
859 2475 919 2513 W.
953 2473 1034 2513 Dc.
1067 2472 1090 2511 Ι.
1126 2484 1157 2510 c.
1192 2485 1230 2524 p.
1264 2474 1357 2512 268.

290 2543 334 2583 1„
366 2537 503 2596 pineto
534 2535 583 2574 ad
614 2537 742 2577 lacum
776 2540 966 2580 Albusera
996 2551 1120 2593 prope
1152 2538 1392 2577 Vaientiani.
1426 2539 1527 2592 Aug.
1559 2535 1652 2577 dess.

291 2613 379 2651 104.
439 2608 497 2648 H.
525 2612 733 2660 ,quantum
764 2606 891 2647 Mill.
925 2607 1052 2648 Rchb.
1088 2605 1140 2644 lc.
1171 2605 1231 2644 ΕΙ.
1264 2618 1389 2658 germ.
1423 2605 1494 2644 ΙΙΙ.
1526 2605 1551 2645 f.
1586 2606 1707 2643 4526.

293 2665 337 2704 ln
378 2666 563 2705 arenosis
606 2675 731 2716 prope
772 2662 1089 2710 Fuenterrabia,
1132 2660 1300 2710 Bilbao,
1342 2662 1543 2715 Sopuerta
1581 2663 1621 2697 et
1650 2657 1748 2697 aiibi
1779 2658 1818 2696 in

181 2722 411 2762 cantabria.
443 2720 553 2773 Majo
584 2731 616 2756 c.
651 2716 689 2758 fl.

292 2779 378 2817 105.
442 2773 498 2814 H.
531 2774 726 2813 Fumana
757 2771 882 2812 Mill.
917 2771 996 2811 DC.
1030 2771 1054 2812 1.
1087 2784 1118 2810 c.
1153 2784 1188 2822 p.
1222 2772 1314 2810 274.

292 2830 336 2871 Ιη
367 2830 578 2870 sterilibus
609 2841 733 2881 prope
751 2840 842 2879 opp.
876 2826 1033 2866 Daroca
1061 2831 1101 2864 et
1132 2826 1227 2865 alibi
1259 2827 1297 2864 in
1319 2826 1521 2879 Aragonia
1553 2821 1820 2870 meridionali,

182 2886 260 2926 Jul.
295 2900 326 2926 c.
361 2885 423 2935 fr.,
455 2886 494 2924 in
525 2896 650 2938 regno
683 2882 903 2930 valentino,
935 2881 1114 2922 Castelia
1146 2893 1250 2921 nova
1282 2884 1354 2919 etc.
1519 2874 1545 2893 ⁸
