1867 3215
1653 76 1710 118 51

61 201 302 242 insidentes.
336 201 500 255 Galycis
532 205 750 256 segmenta
780 201 1012 242 lanceolata
1040 200 1187 242 obtusa
1217 201 1295 243 2“‘
1326 201 1451 256 longa
1467 213 1718 256 germenque

65 270 417 323 purpurascentia.
448 269 591 309 Petala
619 281 753 309 rosea.

175 333 310 375 Affine
338 334 394 375 Ε.
427 335 608 375 Βανὶαεί
638 335 749 389 Gay
779 339 819 375 et
848 334 902 374 Ε.
934 337 1162 375 lanceolam
1194 334 1311 376 Seb.
1342 333 1500 376 Maur.
1531 334 1605 375 sed
1635 338 1716 374 sto-

66 402 204 443 lonum
236 400 377 458 figura
400 406 442 442 et
471 406 675 443 structura
704 401 1074 443 distinctissimum.

175 473 267 511 345.
339 468 391 510 Ε.
441 471 723 509 lanceolalum
763 468 878 508 Seb.
910 467 1069 509 Maur.
1112 467 1163 509 cf.
1207 467 1333 509 Gren.
1375 467 1497 509 Godr.
1538 468 1564 511 l.
1603 482 1635 508 c.
1677 482 1715 521 p.

62 539 155 579 581.
1483 550 1487 551 ⁷

174 603 233 644 Ad
272 603 426 643 rivulos
465 603 506 642 in
545 602 673 642 latere
711 603 960 656 aragonensi
1000 602 1152 642 montis
1182 602 1325 642 Sierra
1361 601 1411 641 de
1441 601 1643 655 Moncayo
1675 602 1715 640 in

60 671 232 726 rupibus
264 669 440 710 humidis
471 682 596 723 prope
627 670 902 709 sanctuarium
917 669 963 708 N.
996 670 1038 709 S.
1071 669 1136 708 del
1157 668 1360 721 Moncayo
1391 668 1440 708 ad
1471 669 1539 709 alt.
1574 670 1711 710 3000‘.

62 739 174 779 Julio
205 752 238 778 c.
271 738 310 777 fl.
342 741 383 777 et
414 736 461 776 fr.

173 808 267 847 346.
329 803 381 843 Ε.
412 805 620 842 hirsutum
650 802 692 843 L.

176 871 236 913 Ad
266 870 403 911 fossas
434 872 540 910 cirea
571 871 795 923 Zaragoza,
828 870 998 925 Alagon,
1031 869 1169 925 BorJa,
1200 869 1360 909 Daroca
1389 872 1466 908 etc.
1499 869 1540 908 in
1563 869 1715 923 Arago-

65 940 133 982 nia
163 938 380 988 inferiore5
426 950 552 991 prope
581 937 735 977 Molina
766 937 815 976 de
846 938 1009 992 Aragon
1040 941 1082 977 et
1111 937 1209 976 alibi
1240 938 1280 976 in
1312 935 1493 976 Castella
1523 949 1643 984 nova,
1673 937 1714 975 in

67 1019 196 1062 regno
237 1006 446 1046 valentino
476 1017 535 1059 pr.
567 1004 714 1053 Chim,
747 1002 1318 1059 Segorbe,Jerioa,Vive1-.,
1364 1003 1446 1044 Jul.
1479 1003 1580 1058 Aug.
1613 1017 1645 1046 c.
1675 1002 1714 1043 fl.

59 1077 101 1114 et
130 1072 178 1113 fr.

466 1157 476 1159 -
705 1136 757 1177 H
763 1141 1075 1191 aloraqeae

170 1210 264 1249 347.
323 1203 652 1257 Myriophyllum
679 1207 977 1245 ven-ciculanum
1006 1204 1052 1245 L.

172 1273 218 1316 In
250 1272 375 1313 fossis
405 1273 604 1327 aquisque
633 1272 922 1328 stagnantibus
945 1284 1080 1326 prope
1095 1270 1252 1312 Molina
1282 1270 1331 1312 de
1347 1272 1510 1326 Aragon
1536 1274 1577 1311 et
1601 1269 1712 1310 alibi.

58 1341 142 1384 Jul.
175 1354 207 1381 c.
239 1340 276 1379 fl.
1706 1345 1709 1348 ’

650 1405 1111 1446 Οαιῖὶινίοῆἰηεαε.

170 1477 266 1517 348.
325 1473 563 1514 callitriche
589 1476 798 1528 scaqnalis
828 1475 978 1527 Scop.
1010 1485 1096 1513 var.
1128 1474 1267 1512 minor
1282 1470 1484 1513 Rchb.lc.
1503 1470 1552 1511 Fl
1583 1483 1711 1526 germ.

59 1544 106 1585 V.
139 1542 166 1583 f.
198 1544 320 1584 4747.
354 1541 413 1581 Pl.
447 1555 533 1581 exs.
566 1541 658 1582 coll.
690 1555 782 1582 ven.
817 1555 855 1581 n.
887 1544 925 1582 4.

170 1609 217 1649 ln
248 1609 417 1658 rivulis,
457 1607 585 1648 fossis
614 1610 812 1662 aquisque
842 1607 1132 1664 stagnantibus
1162 1620 1290 1662 prope
1319 1607 1453 1656 Yrun,
1484 1618 1557 1660 per
1588 1608 1713 1646 totam

61 1677 335 1718 Cantabriam.
373 1676 484 1731 Apu,
514 1675 623 1730 Majo
655 1690 688 1718 c.
720 1675 759 1715 ss.

648 1742 1112 1795 Ceracophylleae.

171 1813 265 1851 349.
328 1809 665 1861 Ceratophyllum
694 1814 926 1849 demersum
956 1809 1002 1849 L.

168 1877 215 1916 In
247 1876 369 1917 fluvio
400 1877 478 1916 Rio
511 1877 632 1917 Gallo
664 1891 789 1932 prope
820 1876 977 1917 Molina
1004 1876 1054 1916 de
1085 1876 1273 1929 Aragon3
1316 1875 1358 1914 in
1399 1874 1490 1914 lacu
1520 1871 1714 1914 Albufera

59 1957 118 1999 pr.
152 1944 397 1984 Valentiam.
429 1943 512 1984 Jul.
545 1945 647 2000 Aug.
680 1958 712 1984 c.
746 1943 786 1983 fl.

672 2009 863 2062 LycItr
878 2011 1101 2048 arieae.

772 2074 993 2129 Lychrum
1590 2122 1603 2129 Ι,

171 2147 263 2186 350.
324 2143 374 2185 L.
406 2143 619 2185 salivaria
649 2144 692 2185 L.
755 2156 793 2182 α.
825 2146 1053 2192 yenuinum
1083 2142 1206 2182 Gren.
1240 2139 1362 2181 Godr.
1403 2141 1465 2181 Fl.
1507 2140 1574 2184 Fr.
1607 2141 1638 2181 Ι.
1671 2155 1710 2194 p.

60 2214 152 2253 594.
186 2211 315 2251 forma
343 2225 581 2252 canescens.

171 2279 229 2330 Ad
261 2280 443 2318 canalem
476 2281 729 2333 imperialem
747 2279 963 2334 Aragoniae
981 2291 1108 2331 prope
1125 2278 1295 2331 Magon,
1327 2275 1377 2315 ad
1408 2275 1573 2315 fluvium
1592 2275 1711 2315 Gallo

59 2359 118 2398 pr.
151 2345 303 2385 lllolina
335 2346 384 2386 de
415 2348 591 2401 Aragon,
622 2347 673 2387 ad
704 2348 870 2386 lacunas
901 2347 940 2384 in
974 2344 1088 2383 horto
1119 2345 1357 2383 monasterii
1389 2345 1464 2383 Sta
1487 2343 1617 2382 Maria
1648 2343 1712 2382 del

58 2410 207 2452 Paular
238 2414 277 2451 in
309 2414 449 2453 Sierra
480 2414 529 2453 de
561 2414 838 2454 Guadarrama
869 2417 909 2452 et
939 2413 1050 2452 alibi.
1082 2411 1343 2463 Jul.-Sept.
1378 2424 1413 2449 c.
1444 2410 1482 2449 ss.

170 2479 265 2518 obs.
324 2479 473 2519 Forma
500 2480 742 2521 intermedia
772 2482 877 2519 inter
909 2494 947 2518 α.
963 2493 1007 2533 9
1007 2482 1208 2528 nuz'num,
1235 2478 1437 2530 Europam
1470 2476 1643 2516 mediam
1674 2482 1713 2515 et

58 2545 289 2639 borelalem
271 2545 542 2597 Jnliabitans,
575 2551 615 2586 et
645 2543 689 2596 β.
720 2548 880 2595 yrace'le
911 2548 1033 2586 Gren.
1068 2544 1423 2597 Godr„Eu1·opae
1456 2544 1712 2582 australioris

59 2614 149 2640 mco
173 2614 233 2640 am
898 2611 927 2626 ²

171 2660 265 2696 351.
326 2655 375 2697 L.
410 2657 614 2708 Graefferi
645 2658 765 2697 Ten.
797 2657 858 2696 Fl.
892 2670 984 2710 nap.
1018 2656 1141 2696 Grau.
1176 2655 1297 2696 Godr
1329 2656 1355 2693 l.
1389 2668 1421 2693 c.
1455 2653 1515 2699 (L.
1548 2658 1713 2693 acutan

59 2712 196 2766 gulum
229 2711 325 2766 Lag.
360 2725 451 2753 nov.
483 2726 575 2767 gen
609 2728 670 2766 sp
702 2727 740 2752 n.
773 2718 866 2753 221.
899 2712 943 2753 Ι.
977 2712 1204 2752 flexuosum
1236 2712 1334 2764 Lag.
1352 2709 1375 2748 Ρ
1406 2709 1548 2749 Kunze
1581 2709 1714 2751 Chlor

57 2772 214 2806 austro-
223 2766 325 2820 hisp.
356 2781 381 2806 n
428 2772 518 2810 299
554 2769 593 2807 et
623 2772 741 2819 852)

169 2822 215 2861 ln
247 2821 420 2862 humidis
452 2825 501 2863 ad
532 2825 663 2864 lacum
696 2816 890 2864 Albufera
931 2837 1058 2878 prope
1091 2824 1324 2863 Valentiam
1356 2833 1499 2861 mense
1529 2821 1713 2873 Augusto

59 2879 266 2931 specimen
293 2879 518 2932 juvenilem
548 2880 644 2934 legi.

1397 2951 1449 2984 7*
