1867 3215
178 113 235 158 14

280 241 347 281 86.
381 238 425 279 L.
459 241 698 279 submotum
727 238 770 278 L.
830 240 932 278 Asso
964 237 1061 291 Syn.
1103 240 1215 293 stirp.
1258 252 1367 295 arag.
1411 254 1448 296 p.
1490 244 1556 284 83.
1590 249 1615 285 t.
1649 247 1685 286 6.
1717 244 1742 285 f.
1773 247 1811 286 3.

172 308 283 355 (icon
315 306 464 354 crudis,
497 306 569 346 sed
601 307 766 352 bonus).

284 373 328 412 in
366 374 586 427 gypsaceis
627 375 733 413 inter
761 370 1069 413 Fuentiduenas
1109 377 1148 412 et
1182 372 1369 427 Argauda
1409 373 1474 414 dei
1504 376 1597 431 Rey
1637 381 1679 419 et
1717 377 1814 419 aiibi

172 440 210 480 in
243 440 423 480 Casteila
454 453 568 480 nova.
602 438 787 480 Exeunte
818 439 921 494 Aug.
951 452 982 479 c.
1015 438 1060 478 sr.

279 510 346 548 87.
407 505 454 547 L.
489 506 760 546 Cardamines
787 506 829 547 L.
860 506 942 547 Dc.
976 506 1111 547 Prodr.
1144 507 1171 546 Ι.
1206 522 1239 560 p.
1272 511 1365 550 206.

276 573 319 614 ln
351 574 573 628 gypsaceis
604 577 644 613 et
674 573 882 630 argiilosis
912 573 1117 614 Casteliae
1148 588 1277 616 novae
1308 576 1483 630 passim:
1531 577 1635 617 iuter
1666 576 1815 619 norea-

164 641 260 696 jada
290 645 330 681 et
361 641 632 691 Carrascosa,
679 640 986 681 Fuentidueuss
1027 645 1070 680 et
1100 641 1307 697 Vitiarejo.
1368 644 1469 697 Aug.
1502 647 1678 684 exeunte
1709 657 1743 684 c.
1775 643 1813 683 fl.

169 713 209 749 et
238 708 282 748 fr.

279 777 344 817 88>
406 773 456 814 L.
484 775 820 828 yramine'f'olium
849 774 892 815 L.
952 773 1061 814 Koch
1093 775 1191 828 Syn.
1233 774 1282 815 ed
1322 775 1373 815 11.
1415 790 1451 830 p⁴
1493 779 1558 818 88.
1601 775 1727 818 Rchb.
1760 776 1811 817 lc.

172 842 230 883 Fi.
262 856 299 898 g.
333 841 382 882 ΙΙ.
415 841 439 882 f.
469 845 590 884 4218.
1750 846 1752 848 ’

282 909 325 949 ln
366 908 567 950 ruderatis
606 923 731 963 prope
771 922 861 963 opp.
905 908 1027 964 Borja
1067 913 1106 948 et
1146 909 1242 948 alibi
1283 910 1559 966 itrAragonia
1597 910 1806 952 interiore.

171 978 252 1018 Jul.
285 990 319 1021 c.
353 976 390 1017 fl.
423 980 464 1015 et
495 976 539 1015 fr.
1450 1024 1456 1028 1

278 1046 344 1086 89.
408 1042 455 1082 L.
485 1041 712 1092 latifolae'um
739 1042 782 1083 L.
818 1042 943 1083 Rchb.
977 1042 1031 1082 lc.
1064 1043 1087 1084 1.
1119 1057 1150 1083 c.
1185 1044 1209 1085 t.
1242 1046 1362 1084 4219.
1395 1042 1451 1083 Pi.
1484 1056 1569 1082 exs.
1601 1042 1689 1083 coii.
1723 1056 1813 1084 ven.

169 1125 205 1152 n.
239 1113 330 1153 ⁴56.

280 1176 339 1219 Ad
369 1176 505 1217 fossas
536 1188 662 1230 prope
692 1174 847 1216 Molina
876 1175 927 1216 de
956 1177 1116 1232 Aragon
1149 1178 1189 1216 in
1223 1176 1333 1216 Cast.
1365 1189 1483 1226 nova,
1514 1176 1595 1217 Jul.
1629 1189 1662 1218 c.
1693 1175 1746 1224 fl.,
1776 1177 1816 1216 in

171 1245 371 1286 ruderatis
411 1245 451 1284 iu
495 1256 600 1298 pago
633 1242 791 1283 Chozas
830 1243 880 1283 de
912 1243 950 1283 ia
980 1244 1120 1284 Sierra
1150 1242 1199 1284 ad
1230 1243 1352 1284 radic.
1385 1244 1524 1284 Sierra
1554 1243 1604 1284 de
1635 1242 1816 1284 Guadar-

167 1326 292 1363 rama,
324 1311 553 1367 Septembr.
587 1324 618 1352 c.
651 1309 698 1350 fr.

856 1376 1114 1417 Hucchinsia

277 1451 343 1489 90.
406 1444 460 1486 H.
494 1446 634 1495 alpina
666 1443 715 1485 R.
750 1442 815 1485 Br.
855 1444 1046 1491 (Noccaea
1077 1443 1214 1497 alpina
1246 1442 1370 1485 Rchb.
1403 1442 1457 1485 lc.
1490 1443 1514 1483 Ι.
1548 1456 1581 1483 c.
1613 1442 1640 1483 f.
1673 1446 1816 1492 4222.)

276 1514 322 1554 ln
356 1513 505 1568 Pyren.
535 1513 708 1566 Aragon.
751 1512 792 1550 in
833 1513 1021 1552 arenosis
1060 1511 1181 1551 valiis
1220 1510 1269 1551 de
1303 1509 1392 1551 izas
1432 1510 1481 1551 ad
1512 1510 1578 1552 au,
1613 1525 1643 1551 c.
1676 1513 1815 1552 5ooo¹.

173 1584 268 1625 Jun.
301 1584 477 1622 exeunte
507 1593 538 1620 c.
575 1578 614 1620 fl.
645 1583 685 1618 et
716 1577 763 1617 fr.
873 1619 878 1625 ,

277 1654 341 1692 91.
403 1646 459 1688 H.
490 1645 774 1687 Auerswaldae'i
802 1656 843 1683 n.
875 1656 937 1696 sp.
999 1645 1056 1686 ΡΙ.
1090 1658 1175 1686 exs.
1206 1645 1297 1685 coll.
1333 1657 1424 1684 ven.
1457 1657 1495 1685 n.
1531 1647 1620 1686 148.

277 1716 498 1763 Perennis,
540 1711 724 1753 caulibus
754 1710 951 1752 flexuosis
981 1712 1166 1761 foliosis,
1207 1710 1319 1751 foliis
1349 1710 1595 1751 radicaiibus
1623 1710 1817 1751 rosulatis

168 1784 390 1840 petioiatis,
423 1781 596 1822 caulinis
627 1778 939 1828 subsessilibus,
970 1779 1158 1819 omnibus
1184 1779 1697 1832 pectinato-piunatisectis
1725 1790 1818 1833 seg-

169 1853 318 1891 mentis
349 1850 622 1896 mucronatis,
657 1846 807 1901 petalis
837 1845 1217 1886 obovato-cuneatis
1247 1846 1386 1899 calyce
1403 1845 1573 1886 deciduo
1590 1845 1711 1899 duplo
1733 1845 1818 1885 ion·

170 1918 376 1974 gioribus3
409 1916 585 1956 siliculis
617 1914 806 1968 oblongis
836 1914 1026 1968 utrinque
1056 1914 1187 1952 acutis
1218 1913 1323 1966 stylo
1357 1913 1468 1952 brevi
1499 1912 1727 1966 apiculatis.

278 1984 321 2024 ln
363 1984 566 2024 muscosis
605 1981 779 2022 humidis
818 1982 923 2020 inter
953 1993 1053 2020 saxa
1083 1981 1205 2033 inque
1235 1977 1397 2020 fissuris
1427 1981 1586 2032 rupium
1617 1980 1820 2019 muscosis

168 2054 206 2092 in
240 2055 358 2104 parte
391 2048 914 2104 septentrionali·orientali
946 2049 1095 2088 montis
1126 2047 1298 2086 calcarei
1315 2047 1427 2087 Pena
1451 2048 1640 2100 Gorveya
1670 2047 1710 2086 in
1729 2047 1819 2086 viz-

169 2132 285 2174 caya,
317 2120 540 2173 praecipue
571 2116 621 2157 ad
651 2115 812 2156 radices
841 2115 998 2167 rupium
1029 2115 1319 2153 altissimarum
1353 2118 1659 2167 praeruptarum
1677 2113 1819 2153 lateris

171 2186 508 2240 septentrionalis
539 2184 841 2238 copiosissime,
872 2182 921 2223 ad
952 2182 1020 2223 alt.
1054 2183 1145 2221 circ.
1179 2182 1397 2222 3-4000‘.
1432 2180 1533 2235 Legi
1565 2180 1598 2221 d.
1632 2183 1697 2222 26.
1719 2180 1817 2235 Maji

169 2269 200 2294 c.
239 2253 275 2292 ss.
311 2257 351 2291 et
383 2250 427 2292 fr.
455 2254 595 2307 juven.

277 2319 307 2358 E
339 2321 522 2358 sectione
555 2317 864 2357 Nascurtiolum
892 2314 979 2355 Dc.
1041 2314 1175 2356 Prodr.
1206 2314 1232 2353 1.
1267 2330 1301 2368 p.
1339 2318 1426 2357 178.
1487 2314 1685 2355 Rhizoma
1715 2315 1818 2353 inter

172 2400 272 2427 saxa
313 2385 513 2426 occuitum
556 2398 704 2438 repens
746 2385 981 2439 lignescens
1012 2381 1402 2422 fusco-corticatum
1435 2395 1569 2421 ramos
1608 2379 1820 2421 fiiitormes

170 2456 275 2493 inter
317 2466 478 2493 muscos
521 2455 714 2505 repentes
744 2450 932 2504 aphyllos
962 2449 1025 2488 vel
1058 2449 1166 2488 foiiis
1195 2450 1332 2502 parvis
1364 2449 1615 2489 fasciculatis
1647 2448 1818 2487 vestitos

172 2521 322 2569 edens,
364 2534 386 2560 e
418 2532 584 2573 quorum
615 2519 788 2573 gemmis
825 2517 965 2557 cautes
996 2516 1158 2570 plantae
1190 2517 1384 2556 oriuntur.
1446 2515 1593 2556 Caules
1625 2529 1646 2554 e
1678 2528 1815 2554 musco

171 2592 439 2642 assurgentes
469 2587 594 2625 erecti
629 2585 798 2624 flexuosi
830 2584 1040 2638 simplices
1071 2583 1132 2621 vei
1166 2595 1285 2634 parce
1316 2583 1490 2631 ramosi,
1524 2583 1680 2628 striati,
1712 2581 1818 2621 iaete

172 2655 344 2701 virides,
387 2653 462 2692 sub
504 2652 613 2691 lente
656 2652 928 2691 minutissime
967 2650 1152 2704 puberuii
1185 2649 1559 2701 2—6-poiiicares.
1621 2648 1736 2688 Folia
1769 2647 1817 2686 ad

171 2722 286 2760 basin
320 2720 493 2760 caulium
526 2718 654 2757 dense
684 2718 866 2757 rosulata
895 2730 1036 2758 musco
1068 2716 1372 2755 horizontaiiter
1403 2715 1600 2769 adpressa
1618 2713 1817 2754 interdum

171 2789 347 2837 reflexa,
391 2787 562 2827 obscure
608 2784 751 2824 viridia
797 2786 946 2838 pagina
986 2783 1178 2823 inferiore
1218 2784 1363 2835 (saepe
1406 2783 1614 2834 utrinque)
1654 2780 1818 2835 puichre

172 2855 520 2907 purpurascentia,
557 2854 685 2898 ¹!2--l
716 2851 812 2905 poll.
846 2851 982 2905 ionga,
1014 2851 1239 2906 segmentis
1271 2849 1507 2903 pierumque
1537 2851 1694 2901 septem
1725 2860 1817 2888 ova-

169 2921 275 2963 libus
306 2922 369 2962 vel
400 2918 769 2961 oven-lanceolam
801 2917 890 2959 basi
934 2918 1155 2959 attenuatis
1195 2917 1311 2971 apice
1352 2915 1529 2957 breviter
1569 2915 1815 2955 acuminatis
