1867 3215
173 83 238 126 30

276 211 364 250 173.
430 207 472 250 C.
509 209 668 247 trie-iate
699 207 780 248 Lk.
813 206 939 249 Rehb.
973 207 1026 248 lc.
1060 208 1082 250 l.
1114 221 1146 248 c.
1179 208 1205 247 f.
1239 211 1357 250 4972.
1392 207 1450 248 Pl.
1473 220 1557 250 exs,
1589 205 1678 248 coll.
1712 219 1803 248 ven.

163 289 201 317 n.
233 280 324 318 567.

274 342 329 382 Ad
372 355 493 394 sepes
537 340 751 381 umbrosas
790 354 916 395 prope
944 341 1079 392 Yrun,
1120 340 1262 382 Bilbao
1303 346 1342 382 et
1375 339 1470 380 alibi
1502 340 1543 380 in
1574 337 1802 380 Cantabria.
1864 353 1867 360 ·

165 409 273 465 majo
307 424 337 451 c.
370 408 409 447 ss.
443 412 482 447 et
514 408 559 447 fr.

275 478 364 517 174.
425 474 467 513 C.
501 486 676 513 aronis&
705 473 750 514 L.
782 472 906 514 Rchb.
940 473 995 514 Ic.
1027 475 1086 515 Fl.
1119 488 1157 530 g.
1191 475 1257 516 Vl.
1293 474 1317 514 f.
1351 475 1471 515 4980.
1505 473 1563 513 Pl.
1595 464 1681 513 e‘xs.
1712 473 1804 513 coll.

164 557 252 583 ven.
287 557 323 581 n.
357 545 448 582 318.
937 560 953 569 ν
1692 588 1696 590 μ

273 610 315 648 lu
347 610 492 661 l'yreu.
526 608 699 661 Aragon.
740 607 911 648 vallibus
952 606 1179 661 subalpinis
1216 608 1264 647 ad
1296 608 1363 646 alt.
1405 606 1634 648 3—5000‘:
1682 620 1808 660 supra

162 690 308 731 pagum
342 674 555 723 Canfraue,
588 677 626 714 in
661 676 786 727 pratis
818 676 935 714 vallis
966 675 1014 714 de
1038 675 1126 714 lzas
1157 677 1336 729 copiose,
1370 688 1494 728 prope
1526 673 1673 714 balnea
1702 675 1804 715 Pan-

160 745 289 782 ticosa
319 747 395 782 etc.
431 741 472 780 ln
508 743 618 781 Pena
649 743 698 782 de
730 743 862 782 Oro'el.
896 743 988 782 ιΙυιι.
1021 757 1054 781 c.
1088 743 1124 781 ss.

273 810 418 849 Forma
460 808 646 848 humilior
687 810 935 850 condensata
972 810 1082 849 foliis
1126 809 1380 865 glandulosis
1423 807 1803 863 glauceseentibus:

161 878 218 918 ΡΙ.
253 891 336 917 exs.
370 876 460 915 coll.
495 889 583 915 ven.
617 890 654 915 u.
687 880 781 918 428,

264 943 309 982 ln
348 943 552 996 glareosis
593 944 632 981 iu
675 949 788 994 parte
826 944 1039 996 superiore
1078 943 1227 981 montis
1261 942 1398 981 Sierra
1438 940 1487 981 de
1517 941 1720 994 Moneayo
1763 943 1802 980 iu

163 1010 282 1065 Arag.
314 1009 363 1048 ad
395 1009 461 1049 all.
495 1010 705 1050 4-5000‘
734 1011 900 1063 passim.
933 1010 1015 1050 Jul.
1049 1023 1078 1047 c.
1114 1009 1150 1047 ss.

278 1077 370 1116 Var.
402 1075 574 1116 latifolia
604 1076 860 1130 grandiflora.
893 1076 950 1116 Pl.
981 1089 1066 1114 exs.
1099 1075 1188 1115 coll.
1223 1088 1312 1114 ven.
1346 1087 1383 1113 n.
1420 1077 1509 1116 174.

270 1141 314 1180 In
346 1143 547 1196 glareosis
578 1145 727 1183 montis
758 1143 931 1183 calcarei
962 1142 1074 1182 Pena
1100 1141 1290 1195 Gorveya
1319 1142 1369 1181 ad
1399 1141 1467 1183 alt.
1501 1155 1534 1181 c..
1553 1141 1679 1183 4500‘
1710 1154 1802 1195 pas-

160 1209 248 1249 sim.
281 1208 391 1264 Majo
424 1223 455 1249 c.
487 1209 524 1248 ss.

862 1275 1103 1317 Linea&

897 1342 1060 1382 Litium.

273 1414 363 1452 175.
423 1409 469 1450 L.
502 1410 846 1459 campanulatum
877 1409 919 1452 Ιι.
949 1407 1077 1449 Rchb.
1111 1410 1164 1448 10.
1197 1409 1263 1450 Vl.
1298 1410 1321 1451 f.
1362 1415 1481 1454 5173.

269 1478 313 1517 lu
354 1479 556 1532 glareosis
597 1489 804 1516 nemorum
846 1479 950 1516 inter
980 1477 1135 1517 Molina
1167 1477 1215 1518 de
1247 1480 1367 1518 Arres
1398 1483 1438 1518 et
1470 1480 1543 1520 Sta
1576 1477 1731 1519 Lucilia
1762 1479 1803 1518 in

158 1545 262 1584 valle
294 1544 405 1584 fluvii
438 1546 598 1598 Aragon
631 1557 734 1584 raro.
766 1543 890 1583 Junio
923 1557 955 1583 c.
989 1544 1026 1584 fl.
1819 1540 1824 1544 ⁴

270 1614 360 1653 176.
420 1610 466 1651 L.
499 1614 688 1650 scr-iocum
720 1610 761 1651 1¹.
822 1607 866 1663 β.
897 1622 1104 1663 cymosnm
1143 1611 1264 1651 Gren.
1309 1612 1429 1653 Godr.
1472 1612 1533 1652 Fl.
1578 1612 1627 1652 de
1657 1612 1721 1652 Fr.
1769 1611 1801 1652 l.

155 1692 195 1732 p.
228 1681 321 1720 281.

267 1745 311 1784 ln
344 1744 554 1783 sterilibus
587 1757 710 1796 prope
742 1743 864 1800 Boi-ja
895 1746 933 1784 in
967 1747 1168 1799 Aragonia
1199 1744 1403 1785 inferiore.
1444 1745 1525 1787 Jul.
1558 1759 1590 1786 c.
1623 1745 1668 1785 fr.

269 1814 359 1852 177.
421 1811 469 1851 L.
502 1815 752 1850 maritimum
784 1811 824 1851 L.
884 1811 1011 1852 Rchb.
1045 1812 1098 1853 lc.
1131 1812 1190 1852 Fl.
1223 1825 1259 1868 g.
1294 1812 1359 1852 vl.
1394 1811 1417 1851 f.
1452 1816 1572 1855 5172.
1623 1812 1680 1853 ΡΙ.
1713 1824 1800 1852 exs.

161 1877 250 1917 coll.
285 1892 374 1919 ven.
407 1891 445 1917 n.
479 1883 569 1919 500.

266 1945 310 1984 ln
352 1945 557 1985 sabulosis
596 1945 770 1986 humidis
811 1947 916 1985 inter
955 1946 1092 1986 urbem
1124 1946 1321 1986 Valencia
1363 1950 1401 1986 et
1433 1947 1562 1986 lacum
1596 1946 1800 1988 Albufera.

156 2012 255 2065 Aug.
291 2026 320 2051 c.
356 2012 393 2051 ss.
427 2018 466 2052 et
498 2012 543 2053 fr.

271 2081 360 2119 178.
423 2079 469 2119 L.
503 2079 769 2129 cemee'folium
799 2079 880 2119 L.?
911 2080 1029 2120 van-..³³
1060 2083 1273 2122 ericoides.
1337 2080 1482 2120 Differt
1513 2094 1536 2120 a
1567 2082 1708 2135 specie
1738 2094 1799 2120 ra-

156 2147 232 2184 mis
274 2147 454 2185 caudicis
496 2147 643 2200 lignosi
685 2148 957 2187 subtortuosis
989 2149 1212 2196 intricatis„
1254 2147 1362 2186 foliis
1404 2149 1528 2186 multo
1561 2147 1799 2196 minoribus,

155 2213 398 2252 ramulorum
441 2214 639 2253 sterilium
681 2214 927 2253 densissime
968 2214 1189 2253 imbricatis
1231 2213 1393 2261 (eadem
1437 2227 1602 2267 prorsus
1642 2215 1800 2254 ratione

158 2297 234 2337 qua
265 2285 302 2322 iu
337 2284 544 2334 Hyperia-o
575 2285 769 2327 ericoidv)
802 2282 974 2320 caulium
1007 2282 1228 2332 adpressis,
1263 2280 1428 2320 floribus
1460 2281 1694 2320 minoribus.

268 2351 311 2389 ln
359 2352 544 2389 arenosis
590 2351 817 2403 pinetorum
864 2350 902 2386 in
947 2351 1074 2387 tractu
1108 2349 1301 2386 Sei-rania
1345 2347 1394 2386 de
1425 2347 1590 2386 Cuenca
1631 2347 1798 2400 passim,

158 2432 298 2457 meuse
329 2420 427 2472 Aug.
456 2419 537 2471 jum
575 2430 740 2468 prorsus
772 2414 861 2455 dell.
897 2442 946 2447 —-
979 2416 1166 2454 l'rovvuit
1196 2416 1315 2452 etiam
1349 2416 1387 2451 in
1420 2414 1571 2453 ditione
1603 2415 1640 2452 la
1667 2414 1799 2453 Alcar-

156 2488 215 2524 ria
245 2485 597 2537 (lloilriguezb
623 2485 661 2521 iu
695 2483 803 2521 herb.
838 2495 920 2536 reg.
952 2481 1096 2525 Mudr.)
1135 2485 1254 2533 atque
1286 2482 1325 2518 in
1358 2480 1497 2519 Monte
1529 2483 1693 2520 Seu-ato
1729 2481 1800 2519 Ca-

160 2553 350 2591 talauuiae
383 2549 724 2593 (Colmeirol).

270 2620 365 2657 mm.
399 2620 523 2667 Quum
557 2617 783 2669 spot-imina
813 2617 935 2654 etiam
966 2616 1006 2654 iu
1040 2614 1146 2655 herl».
1179 2627 1263 2667 reg.
1296 2613 1455 2655 maurit.
1489 2618 1700 2653 asservata
1731 2614 1799 2653 sso-

159 2688 270 2725 ribus
304 2686 387 2724 sere
420 2686 582 2723 omniuo
615 2683 812 2722 destituta
844 2686 997 2731 essent,
1031 2681 1131 2720 lmnc
1163 2681 1339 2734 plantum
1373 2680 1507 2719 habitu
1539 2695 1561 2719 a
1593 2679 1640 2719 L.
1675 2683 1801 2719 lenui-

158 2754 261 2800 sulae'o
292 2754 436 2791 eximie
467 2751 696 2790 distinctum
729 2754 771 2788 ut
803 2763 945 2788 novam
978 2749 1155 2801 speciem
1189 2760 1413 2799 proponere
1445 2760 1522 2786 non
1555 2746 1693 2787 nudes.
1725 2746 1801 2785 Fo-

160 2821 213 2859 lia
256 2822 294 2859 in
337 2823 475 2859 nostra
516 2818 644 2872 magis
685 2817 877 2857 subulam
907 2815 1130 2855 subteretiu
1162 2814 1284 2852 multo
1318 2814 1526 2863 breviora,
1568 2813 1726 2867 petala,
1758 2819 1799 2853 ut
