1867 3215
1590 94 1681 141 117

143 231 235 270 773.
298 228 345 280 0.¹
376 229 512 267 minor
541 227 677 267 Suu.
713 203 821 266 iieut
865 225 889 265 1.
922 237 955 264 c.
989 239 1026 280 p.
1059 228 1123 266 29.
1169 245 1216 253 -
1259 224 1317 266 Pl.
1350 238 1434 266 exs.
1468 225 1559 266 coli.
1592 238 1681 267 ven.

42 309 64 333 Ι.
185 326 191 333 .

30 309 40 334 ¹
104 298 188 400 ¹43¹
228 360 432 401 radicibus
461 361 550 401 Loti
588 360 826 401 corniculati
869 361 1121 415 aliarumque
1150 360 1515 414 Leguminosarum
1556 372 1684 414 prope

35 426 178 466 Biibao
209 430 249 468 et
280 427 375 469 aiibi
408 429 448 468 in
480 427 712 476 Cantabria,
743 427 936 477 Navarra,
970 427 1189 483 Aragonia.
1219 425 1345 482 Majo,
1374 426 1501 468 Junio
1532 440 1566 470 c.
1596 425 1684 469 flor.

685 537 1035 580 Solanaoeae.

765 620 948 661 Datura.

143 692 236 732 774.
294 689 349 733 1),
378 689 665 730 stramoniam
694 687 739 731 L.

146 756 192 796 in
224 757 425 798 ruderatis
454 757 679 810 Hispaniae
710 755 903 796 centralis
935 755 1037 794 satis
1069 753 1308 802 communis,
1340 764 1376 791 v,
1409 764 1442 790 c.
1476 751 1583 791 circa
1613 751 1686 791 Za·

36 837 207 879 ragom,
250 824 433 874 Cuenca,
476 825 581 864 inter
611 822 830 864 Madritum
861 825 902 862 et
932 821 1144 870 Toletum,
1178 832 1304 874 prope
1335 818 1539 860 Talavera
1568 817 1617 859 de
1647 819 1688 858 la

31 891 176 944 Reyna
208 896 284 932 etc.
326 891 583 932 Julio—Oct.
616 904 648 931 c.
680 889 768 930 flor.
801 888 849 929 fr.

143 961 236 1000 775.
297 956 348 996 D.
381 956 508 998 Metel
536 957 580 998 L.

143 1025 186 1064 in
229 1025 432 1065 ruderatis
472 1024 521 1064 ad
561 1024 727 1066 fluvium
759 1025 876 1067 Jerte
917 1037 1044 1080 prope
1074 1025 1290 1066 Plasencia
1330 1028 1372 1065 et
1411 1024 1449 1066 el
1487 1023 1617 1065 Villar
1647 1025 1687 1064 in

29 1090 333 1132 Extremadura.
367 1092 451 1133 Oet.
484 1106 516 1133 c.
550 1092 634 1134 flor.
668 1093 716 1133 fr.

693 1159 1000 1212 Hyoscyamus,

144 1229 237 1269 776.
298 1227 353 1267 H.
382 1231 499 1277 niqer
528 1228 573 1268 L.
604 1250 657 1258 -—
695 1228 754 1268 Pl.
788 1241 873 1270 exs.
904 1227 996 1267 coll.
1032 1240 1121 1267 ven.
1154 1240 1192 1267 n.
1225 1230 1318 1268 212.

144 1294 187 1334 ln
221 1296 442 1350 pinguibus
474 1297 513 1334 in
546 1295 651 1335 valle
683 1294 796 1335 fluvii
829 1294 1028 1335 Bidassoa
1059 1296 1250 1349 copiose,
1294 1294 1417 1334 etiam
1459 1292 1551 1334 hinc
1591 1292 1686 1335 inde

41 1361 80 1400 in
111 1361 292 1401 Navarra
321 1366 361 1401 et
390 1364 594 1417 Aragonia
625 1363 850 1414 superiore.
882 1361 1008 1403 Junio
1039 1375 1072 1402 c.
1105 1361 1191 1402 flor.

141 1431 234 1470 777.
296 1427 352 1471 Η.
384 1431 504 1468 albus
533 1429 575 1470 L.

153 1495 198 1534 ln
229 1495 432 1536 ruder-atis
461 1498 576 1552 regni
609 1497 810 1536 vaientini
840 1496 1006 1550 ubique,
1040 1494 1173 1536 medio
1205 1497 1306 1552 Aug.
1335 1497 1416 1551 jam
1449 1496 1596 1536 exsicc.
1641 1494 1686 1535 in

32 1560 326 1603 Extremadura
356 1577 480 1617 prope
511 1564 548 1604 ei
579 1564 721 1604 Viliar.

747 1629 980 1682 Capsicum.

139 1700 232 1740 778.
294 1697 337 1739 Ο.
368 1702 570 1738 annuum
588 1698 631 1740 L.

145 1764 303 1819 Ubique
334 1766 501 1815 cuntur,
544 1765 617 1805 sed
658 1766 880 1819 praecipue
911 1765 951 1805 in
982 1764 1276 1807 Extremadura
1307 1764 1543 1820 superiore,
1580 1776 1617 1804 v.
1649 1777 1686 1804 c.

37 1831 142 1870 circa
174 1845 303 1888 pagos
332 1833 576 1873 Vilianueva
606 1832 672 1872 del
705 1831 888 1885 camino,
919 1832 1058 1873 Banos
1088 1836 1165 1873 etc.

749 1909 966 1951 Solanum.

146 1979 240 2018 779.
300 1975 346 2019 S,
376 1978 532 2017 humile
562 1976 745 2018 Bernh.
784 1977 898 2018 Koch
929 1978 1030 2031 Syn.
1064 1977 1116 2017 11.
1148 1991 1185 2031 p.
1217 1980 1310 2019 600.

148 2042 192 2082 ln
225 2043 389 2084 olivetis
418 2058 545 2099 prope
576 2045 776 2085 Carmena
805 2046 846 2086 in
879 2044 1058 2086 Castelia
1091 2057 1208 2086 nova.
1269 2045 1353 2086 Oct.
1386 2057 1418 2085 c.
1452 2043 1539 2085 flor.
1571 2046 1612 2085 et
1640 2043 1688 2086 fr.

29 2122 169 2162 Juven.

139 2179 235 2219 780.
297 2175 341 2220 S.
370 2181 537 2232 niqrum
567 2179 611 2221 L.

141 2244 186 2284 ln
217 2244 421 2285 ruderatis
450 2259 577 2300 prope
607 2246 840 2302 Zaragoza,
881 2247 1043 2288 Daroca
1073 2252 1113 2288 et
1144 2248 1240 2289 aiibi
1270 2250 1312 2290 in
1343 2250 1572 2305 Aragonia3
1612 2264 1685 2305 per

32 2314 156 2351 totam
186 2312 441 2366 Hispaniam.
472 2313 585 2354 Julio
616 2327 649 2354 c.
681 2313 768 2355 flor.
801 2318 841 2354 et
871 2313 917 2354 fr.
943 2316 1029 2370 juv.

139 2381 234 2420 781.
296 2378 341 2418 S.
373 2379 631 2420 Dulcamora
662 2380 706 2421 1..

144 2445 201 2485 Ad
232 2459 358 2501 sepes
385 2449 579 2502 rivosque
609 2462 737 2504 prope
753 2449 899 2489 Bilbao
932 2453 972 2489 et
1002 2449 1097 2490 alibi
1125 2451 1164 2491 in
1192 2451 1411 2493 Cantabria
1436 2456 1478 2494 et
1491 2452 1686 2495 Navarra.

29 2510 140 2567 Majo
170 2512 297 2553 Junio
328 2528 362 2554 c.
393 2514 481 2555 flor.
514 2519 554 2556 et
585 2515 632 2556 fr.

144 2566 189 2622 β.
219 2584 492 2622 comentosum
521 2582 655 2624 Koch
685 2583 712 2626 1.
744 2598 776 2625 c.
808 2598 847 2639 p.
877 2587 972 2626 601.
1005 2587 1069 2634 (S.
1104 2586 1284 2627 littorale
1312 2586 1495 2637 Raab.)
1539 2586 1688 2629 Forma

34 2643 145 2686 foliis
176 2647 363 2702 integris.
396 2649 456 2689 ΡΙ.
489 2663 575 2690 exS.
608 2651 698 2692 coil.
731 2665 820 2691 ven.
853 2665 889 2691 n.
921 2654 1014 2693 313.

141 2713 199 2753 Ad
228 2727 366 2754 muros
396 2717 436 2755 in
467 2717 667 2758 vaileculo
699 2718 870 2772 quodam
901 2719 951 2758 ad
981 2719 1139 2759 radices
1171 2722 1322 2761 montis
1352 2721 1465 2761 Pena
1493 2720 1544 2762 de
1563 2722 1683 2763 Oroel

30 2780 210 2835 copiose,
243 2783 376 2822 rarius
407 2783 457 2823 ad
486 2797 623 2825 muros
653 2799 860 2840 sepesque
891 2786 996 2826 infra
1029 2800 1176 2843 pagum
1195 2788 1355 2828 Sailent
1385 2789 1425 2827 in
1459 2788 1685 2842 Pyrenaeis

28 2845 77 2887 ad
107 2847 175 2887 ait.
209 2851 346 2890 3500‘.
378 2849 503 2890 Junio
531 2865 563 2891 c.
594 2851 682 2892 flor.

144 2916 239 2956 782.
302 2912 346 2955 S.
380 2919 648 2958 sodomaeum
677 2919 719 2960 L.
753 2945 805 2951 —
836 2919 896 2960 ΡΙ.
929 2933 1011 2960 exs.
1046 2921 1135 2962 coll.
1172 2935 1260 2963 ven.
1292 2935 1332 2963 n.
1363 2924 1458 2965 498.
