1867 3215
1633 63 1721 108 107

697 180 1082 236 Bor1'ayineae.

724 246 1046 299 Heliotropium.

176 319 268 357 696.
331 315 385 358 Η,
416 318 614 365 supinum
641 315 684 355 L.
720 338 768 342 —-
802 315 940 355 Prodr.
971 315 1040 359 lx.
1073 330 1111 371 p.
1143 309 1235 358 533.

155 382 357 422 „Abundat
388 384 428 421 in
457 382 667 437 argillosis
698 382 904 422 Castellae
935 396 1078 434 novae,
1111 385 1331 438 praecipue
1361 384 1466 443 inter
1498 384 1714 426 Madritum

62 451 103 487 et
119 448 319 488 Toletum.
367 449 450 489 Oct.
471 462 503 488 c.
522 448 569 488 fr.
620 449 802 489 Occurrit
826 450 948 489 etiam
974 451 1014 489 in
1033 451 1243 504 argillosis
1259 441 1490 505 Aragoniae
1510 451 1717 492 inferioris

61 515 328 570 (Zaragoza)‚
359 516 679 556 Extremadurae
709 517 951 569 superioriS,
983 518 1099 571 regni
1120 516 1396 570 Legionensis
1414 518 1713 569 (Salamanea).

170 586 263 624 697.
326 583 381 622 H.
413 595 663 634 europaeum
695 583 736 623 L.
770 606 820 612 --
861 582 998 623 Prodr.
1031 584 1055 623 1.
1090 597 1122 623 c.
1156 587 1248 626 534.

171 648 215 690 In
253 650 454 691 ruderatis
487 664 611 705 prope
641 651 852 704 Zaragoza
873 681 882 699 ‚
914 650 1076 689 Daroca
1106 654 1147 689 et
1175 651 1274 690 alibi
1303 652 1342 690 in
1374 652 1579 706 Aragonia
1611 652 1735 696 insen

57 718 180 766 riore,
214 731 340 772 prope
371 718 556 773 Segorbe
587 719 625 757 in
658 730 786 771 regno
818 717 1040 757 valentino.
1083 715 1165 757 Jul.
1197 718 1297 772 Aug.
1331 732 1362 758 c.
1395 718 1482 759 flor.
1530 720 1715 761 Abundat

57 797 130 837 per
160 788 282 824 totam
315 784 553 838 Hispaniam
585 785 828 832 centralem,
861 783 1263 823 austro-orientalem
1295 788 1336 824 et
1366 785 1684 827 meridionalem.

440 848 443 849 ⁷
781 849 975 890 Echz‘um.

164 922 255 960 698.
318 919 370 958 E.
405 922 574 968 vzthare
600 919 644 958 L.
671 939 714 944 --
743 917 879 958 Prodr.
912 918 959 957 X.
994 931 1029 970 p.
1068 919 1130 957 18.
1148 917 1271 957 —Pl.
1292 930 1375 958 exS.
1395 919 1487 958 coll.
1509 932 1598 959 ven.
1616 923 1706 963 144.
1729 965 1737 971 ‚

167 985 211 1025 ln
243 987 498 1038 rupeslribus
520 986 679 1040 apricis
713 997 837 1037 prope
870 985 1012 1024 Aterra
1042 984 1082 1022 in
1116 983 1222 1023 valle
1252 983 1366 1024 fluvii
1401 987 1523 1036 Ausa,
1554 988 1593 1026 in
1627 1001 1707 1028 mu-

51 1054 106 1092 ris
138 1066 263 1106 prope
295 1053 646 1093 Castro-Urdiales
677 1057 718 1091 et
747 1052 843 1091 alibi
878 1053 917 1091 in
952 1050 1191 1098 Cantabria,
1224 1052 1432 1104 copiosius
1462 1054 1502 1092 in
1534 1055 1709 1096 vallibus

49 1121 255 1160 Navarrae
286 1120 623 1173 septentrionalis
654 1124 694 1159 et
726 1120 956 1174 Aragoniae
985 1119 1225 1171 superioris.
1255 1118 1384 1173 Majo,
1414 1119 1539 1160 Junio
1571 1122 1704 1163 c.fl0r.

154 1191 247 1228 699.
308 1186 359 1226 E.
391 1190 651 1237 pus-culmum
683 1186 846 1226 Sibth.
880 1211 925 1218 --
964 1186 1098 1225 Boiss.
1131 1199 1224 1239 voy.
1260 1186 1536 1239 bot.Esp.F1.
1558 1193 1706 1242 p,421,

161 1254 205 1293 In
248 1254 451 1295 ruderatis
492 1254 713 1309 pinguibus
752 1255 791 1292 in
832 1253 947 1294 horto
980 1255 1215 1293 monasterii
1248 1254 1285 1293 el
1318 1253 1465 1296 Paulz'u·
1495 1257 1535 1295 in
1567 1257 1705 1298 Sierra

50 1319 99 1360 de
130 1321 418 1362 Guadarrama.
453 1322 566 1374 Sept.
598 1335 630 1360 c.
664 1321 749 1362 flor

158 1391 251 1430 700.
313 1388 365 1432 Ε
393 1391 705 1440 pyramidacum
734 1389 779 1428 A.
812 1386 936 1427 Dee.
970 1386 1110 1427 Prodr.
1144 1389 1192 1428 X.
1226 1391 1292 1429 23.
1353 1389 1415 1436 (E.
1446 1391 1626 1431 italicum
1658 1391 1702 1431 L

49 1454 171 1495 Boiss
218 1456 241 1495 l.
276 1470 306 1496 c.
342 1459 458 1502 423.)

160 1522 204 1562 ln
246 1522 446 1563 ruderatis
486 1520 697 1562 sterilibus
736 1523 957 1576 praecipue
995 1522 1045 1562 ad
1084 1523 1196 1562 rivos
1227 1525 1268 1561 et
1297 1523 1575 1576 aquaeductus
1606 1526 1702 1565 Ara-

47 1591 196 1644 goniae
227 1591 405 1642 passim,
446 1589 550 1630 haud
591 1589 805 1643 frequens:
849 1591 888 1629 in
932 1589 1038 1628 valle
1068 1589 1180 1629 fluvii
1213 1590 1387 1645 Gallego
1419 1604 1546 1645 prope
1579 1592 1701 1632 Adsa-

47 1661 156 1706 neta,
190 1670 315 1710 prope
346 1654 489 1712 Borja,'
516 1661 734 1698 monaster.
776 1657 965 1705 Beruela,
1001 1658 1105 1696 inter
1128 1657 1347 1707 Carinena
1369 1662 1410 1697 et
1440 1659 1612 1700 Daroca.
1653 1649 1706 1700 In>

34 1724 252 1778 ‘argillosis
284 1723 490 1763 castellae
530 1737 660 1764 novae
697 1725 804 1764 inter
843 1723 1007 1764 Cuenca
1047 1728 1086 1763 et
1125 1724 1359 1765 Tarrancon
1391 1728 1557 1780 passim.
1616 1727 1699 1768 Jul.

44 1792 207 1846 Aug.-c.
241 1790 327 1829 flor.
360 1790 407 1830 fr.
437 1790 482 1830 In
511 1791 692 1831 Castella
720 1795 860 1830 vetere
891 1792 932 1830 in
965 1792 1151 1830 arenosis
1182 1794 1410 1844 pinetorum
1442 1795 1548 1834 inter
1573 1795 1700 1836 Villa-

44 1870 177 1898 nueva
207 1857 257 1898 de
289 1858 441 1898 Gomez
473 1863 515 1898 et
545 1858 710 1899 fluvium
745 1858 898 1911 Adaya,
932 1859 1069 1899 Octob.
1103 1860 1250 1899 exsicc.

764 1926 973 1979 Borrayo.

148 1995 241 2033 701.
303 1990 354 2030 Β
389 1989 617 2041 officinalis
647 1993 690 2033 L.
723 2015 774 2022 —
807 1993 864 2033 Pl.
897 2007 982 2036 exs
1013 1993 1102 2033 coll
1136 2006 1227 2036 ven
1260 2007 1297 2034 n.
1331 1997 1396 2035 72

153 2058 197 2098 ln
229 2058 452 2109 ruderatis,
493 2059 543 2100 ad
582 2073 706 2115 sepes
749 2065 789 2100 et
820 2073 957 2100 muros
991 2073 1116 2115 prope
1147 2059 1291 2124 Bilbao
1323 2066 1364 2101 et
1395 2061 1491 2102 alibi
1522 2062 1563 2101 in
1595 2061 1695 2102 Can-

46 2124 200 2175 labriag
234 2139 306 2180 per
337 2131 461 2166 totam
493 2112 746 2182 Ilispaniam.
777 2128 887 2182 Majo
920 2141 953 2169 c
983 2128 1069 2167 flor.

726 2195 1009 2247 Symphylum

148 2262 242 2300 702.
305 2259 349 2300 S
384 2263 627 2301 tuberosum
652 2263 693 2304 L
727 2287 777 2292 —
817 2263 874 2303 Pl.
909 2276 990 2303 exs
1024 2262 1118 2304 coll.
1152 2275 1240 2302 ven.
1274 2276 1308 2302 n
1345 2264 1423 2304 176
1454 2275 1489 2302 a.

147 2327 279 2382 Prope
310 2328 453 2368 Bilbao
494 2329 568 2368 sub
608 2329 783 2369 dumetis
814 2329 863 2369 ad
895 2329 1060 2370 fluvium
1093 2331 1227 2379 Ansa,
1258 2331 1297 2369 in
1331 2329 1551 2409 pinguibus
1582 2341 1690 2370 mon

36 2394 90 2433 tis
119 2394 231 2435 Pena
261 2395 452 2448 Gorveya
478 2409 580 2436 raro.
614 2396 724 2452 Majo
757 2411 790 2436 c.
823 2396 908 2436 flor.

754 2462 968 2501 Anclzusa.

67 2570 75 2573 ,
145 2532 237 2570 703.
300 2529 346 2568 Α.
382 2531 583 2569 undulata
613 2529 657 2570 L.
690 2554 742 2561 —-
773 2529 911 2570 Proclr.
944 2530 991 2570 X.
1025 2532 1091 2571 44.

18 2638 36 2643 υ
142 2594 185 2634 ln
218 2595 418 2636 ruderatis
448 2597 497 2636 ad
528 2599 633 2637 viam
664 2599 819 2653 regiam
851 2597 1140 2638 madritensem
1173 2611 1297 2652 prope
1322 2597 1564 2638 Salamanca
1596 2611 1686 2654 pas-

37 2662 126 2704 sim.
160 2663 298 2704 octob.
330 2678 362 2703 c.
400 2663 485 2704 flor.

155 2732 246 2771 704.
308 2732 357 2770 A.
389 2733 530 2770 italica
559 2732 703 2772 Retz.
753 2755 801 2759 —-
848 2731 985 2772 Prodr.
1031 2734 1056 2773 l.
1100 2747 1132 2774 c.
1175 2736 1241 2775 47.
1290 2757 1334 2763 -·
1384 2732 1442 2772 Pl.
1476 2745 1561 2771 exs.
1594 2732 1685 2772 coll.

37 2810 125 2837 ven.
160 2810 195 2836 n.
234 2800 326 2839 227.
417 2810 439 2827 .-

149 2863 193 2904 In
227 2865 428 2914 arenosis.
461 2864 508 2904 ad
541 2878 726 2922 agrorum
761 2867 983 2922 margines,
1016 2880 1208 2908 versuras
1240 2867 1444 2908 Navarrae
1475 2866 1698 2908 australia:

1386 2942 1451 2978 14*
