1867 3215
1638 118 1699 163 13

47 245 221 285 eximiae
251 244 334 285 ullo
363 243 481 285 medo
512 247 811 298 repraesentat.
872 244 932 286 ef.
964 244 1264 299 descriptiones
1293 241 1336 285 0.
1359 240 1615 291 ylastt'foliae
1644 244 1695 284 cl.

48 311 304 352 Cossonii
336 313 377 352 in
404 312 495 351 Not.
520 324 590 350 sur
620 311 817 364 quelques
849 313 901 364 pl.
932 325 1051 355 nouV.
1081 324 1159 352 rar.
1189 324 1241 351 ou
1271 311 1359 350 crit.
1388 309 1438 350 de
1468 310 1507 350 la
1521 309 1690 351 Franco.

46 378 165 420 Fasc.
195 379 246 418 11.
279 394 316 433 p.
348 382 414 420 74.
448 381 489 418 et
522 377 799 418 Greanodr.
833 378 893 418 Fl.
926 378 976 419 de
1006 378 1072 421 Fr.
1104 377 1133 418 1.
1165 392 1202 432 p.
1237 380 1329 420 127.

155 449 222 487 80.
284 445 328 485 G.
357 445 586 495 officinalis
615 444 659 486 L.
691 444 818 486 Rehb.
850 444 904 484 lc.
938 445 962 487 l.
993 459 1026 484 c.
1060 444 1086 487 f.
1117 448 1239 487 4260.

156 513 202 553 In
233 512 452 569 uliginosis
482 512 607 553 salsis
636 512 678 552 in
709 511 826 552 Valle
856 510 906 552 de
936 511 1090 566 Loyola
1121 525 1178 566 pr.
1211 512 1256 552 S.
1289 510 1521 553 Sebastian.
1584 510 1696 567 lllajo

44 593 77 622 c.
109 579 156 620 fr.

762 645 987 686 Canu-eina.

151 718 218 756 81.
280 713 322 757 C.
353 716 490 754 sativa
522 714 727 754 Crantz.
760 713 887 754 Rchb.
921 714 971 753 lc.
1006 713 1067 753 ΡΙ.
1099 726 1224 769 germ,
1260 713 1309 753 ll.
1343 713 1369 755 f.
1403 717 1525 756 4292.

153 783 199 822 In
241 783 430 822 arenosis
467 782 743 822 sabinetorum
786 782 893 820 inter
923 780 1144 821 Pozondon
1185 784 1225 820 et
1257 780 1381 820 Gelda
1419 781 1461 821 in
1493 781 1696 835 Aragonia

44 851 226 890 australi.
260 850 372 891 Julio
405 863 437 891 c.
471 848 508 889 fl.
543 852 583 889 et
613 847 660 887 fr.

388 946 389 949 ,
409 933 412 937 >
790 913 933 955 Iberis.

149 985 215 1024 82,
277 982 310 1025 Ι,
342 994 488 1022 amara
518 983 561 1023 L.
594 982 654 1024 ΡΙ.
688 995 772 1022 exs.
806 983 895 1022 coll.
928 995 1017 1022 ven.
1053 995 1087 1022 n.
1123 986 1216 1025 277.

66 1066 72 1071 ’
151 1050 196 1089 ln
227 1050 442 1104 segetibus
471 1050 677 1089 Navarrae
718 1050 930 1088 orientalis
962 1054 1002 1089 et
1032 1051 1262 1105 Aragoniae
1294 1051 1544 1105 superioris:
1588 1049 1694 1089 inter

42 1129 190 1171 pagum
220 1117 407 1157 Monreal
440 1120 481 1156 et
511 1116 658 1156 vallem
693 1116 804 1156 ssuvii
836 1116 931 1156 lrati
965 1118 1132 1169 passim,
1164 1119 1204 1157 in
1238 1118 1344 1157 valle
1372 1117 1485 1157 fluvii
1515 1117 1693 1171 Magon,

38 1186 279 1236 praesertim
310 1185 417 1224 inter
446 1183 601 1224 Molino
632 1182 682 1224 de
696 1185 816 1223 Arres
849 1187 889 1222 et
912 1183 986 1223 Sta
999 1183 1154 1223 Lucilia
1187 1186 1366 1239 copiose.
1428 1184 1555 1226 Junio
1586 1199 1620 1227 c.
1652 1184 1691 1226 fl.

38 1249 318 1305 fructibusque
342 1251 514 1305 juvenil.

153 1318 249 1361 Obs.
282 1317 598 1373 Emarginatura
627 1318 877 1357 silicularum
909 1318 948 1368 in
981 1322 1121 1358 nostra
1153 1318 1348 1372 amplior,
1379 1331 1497 1372 quam
1528 1319 1569 1358 in
1602 1331 1695 1371 spe-

38 1385 256 1425 ciminibus
286 1386 535 1439 germanicis
568 1388 689 1437 atque
719 1386 760 1423 in
792 1383 1486 1424 iconibusReicheubachiano
1518 1386 1562 1431 (l.
1594 1399 1625 1425 c.
1661 1385 1686 1425 f.

40 1453 165 1498 4197)
197 1451 918 1502 etJordaniano(0bservations
950 1465 982 1491 s.
1016 1452 1070 1505 pl.
1102 1452 1265 1506 plantes
1296 1466 1415 1496 nouv.
1448 1466 1527 1493 rar.
1559 1466 1610 1494 ou
1630 1459 1694 1496 cr.

38 1516 179 1573 fragm.
212 1518 278 1559 Vl.
313 1518 487 1573 plancbe
518 1518 572 1570 l.)
629 1519 690 1558 An
720 1518 753 1558 1.
786 1517 935 1568 affinis
964 1518 1143 1561 Jordfi?
1203 1520 1596 1561 Determinationem
1627 1535 1691 1560 ac-

38 1586 280 1625 curatiorem
314 1587 581 1640 relinquimus
612 1586 661 1627 el.
693 1585 946 1627 Jordano.
965 1614 986 1634 φ
1544 1585 1549 1588 ’

140 1655 207 1694 83.
269 1652 304 1692 Ι.
333 1656 600 1708 qarreoeiana
629 1653 724 1694 All.
772 1653 901 1695 Rchb.
934 1652 987 1694 lc.
1022 1654 1046 1696 Ι.
1079 1668 1111 1696 c.
1143 1652 1170 1694 f.
1203 1657 1326 1697 4198.
1386 1654 1446 1695 Pl.
1482 1669 1565 1696 exs.
1599 1655 1689 1695 coll.

39 1732 128 1760 ven.
161 1734 200 1762 n.
233 1723 327 1762 360.

142 1787 188 1827 In
220 1788 366 1841 Pyren.
400 1789 574 1843 Aragon.
607 1789 647 1828 in
678 1789 882 1845 glareosis
912 1790 1126 1844 graniticis
1155 1803 1278 1844 supra
1310 1789 1457 1832 balnea
1473 1790 1693 1832 Panticosa

40 1854 91 1894 ad
119 1854 189 1895 alt.
223 1856 315 1895 circ.
349 1856 491 1897 6000‘.
521 1856 646 1897 Junio
678 1860 854 1897 exeunte
884 1871 916 1898 c.
950 1858 989 1898 fl.

739 1923 983 1965 Biscutella.

145 1991 213 2030 84.
271 1989 322 2029 B.
356 1992 558 2031 saa-acuis
586 1985 629 2039 β,
660 1994 803 2044 alpina
833 1992 1002 2034 Boiss.
1037 2006 1126 2047 voy.
1159 1991 1256 2047 Esp.
1290 2007 1325 2047 p.
1358 1995 1423 2037 56.

143 2069 186 2098 a.
217 2067 493 2109 macrocarpa
523 2059 584 2106 (B.
619 2061 806 2100 saxatilis
837 2060 947 2100 Schl.
980 2060 1093 2100 Koch
1123 2061 1223 2114 Syn.
1261 2060 1310 2101 ed
1341 2059 1391 2100 ΙΙ.
1423 2075 1462 2115 p.
1493 2063 1580 2108 82.)

148 2123 194 2163 ln
234 2124 381 2176 Pyren.
412 2129 587 2181 Aragon.
630 2129 671 2167 in
713 2129 899 2167 arenosis
936 2129 1119 2183 regionis
1150 2128 1312 2182 alpinae
1343 2126 1393 2168 ad
1423 2128 1492 2168 alt.
1526 2130 1686 2170 5500-

37 2192 181 2233 6000‘:
213 2191 331 2231 Valle
361 2191 411 2232 de
444 2191 557 2244 lzas,
597 2208 721 2249 supra
754 2196 900 2236 balnea
931 2197 1160 2236 Panticosa.
1222 2196 1346 2236 Junio
1377 2199 1553 2236 exeunte
1583 2209 1617 2236 o.
1650 2195 1688 2235 fl.

38 2263 78 2298 et
106 2258 154 2298 fr.
184 2259 244 2299 Pl.
277 2271 361 2298 exs.
394 2259 483 2299 coll.
516 2274 606 2302 ven.
640 2277 678 2304 n.
713 2266 806 2304 356.

147 2326 499 2386 b3microcarpa,
538 2331 838 2380 hispidissima.
901 2330 956 2370 Pl.
999 2343 1084 2370 exs.
1127 2330 1218 2370 coll.
1253 2343 1342 2373 ven.
1373 2341 1412 2372 n.
1444 2332 1526 2371 356
1555 2329 1592 2370 b.
1626 2328 1685 2370 Cs.

36 2391 148 2432 Koch
180 2393 202 2432 l.
238 2406 270 2432 c.

145 2459 191 2499 In
231 2460 435 2514 glareosis
473 2464 621 2502 summi
656 2465 747 2520 jugi
788 2465 940 2505 montis
970 2465 1109 2505 Sierra
1148 2465 1199 2506 de
1229 2465 1430 2519 Moncayo
1462 2466 1502 2505 in
1534 2466 1685 2521 Arago-

35 2527 103 2566 nia
132 2526 248 2568 infer.
280 2526 328 2568 ad
360 2528 428 2569 alt.
461 2542 495 2569 c.
527 2533 664 2573 5000‘.
697 2532 782 2573 Juli
814 2546 846 2574 c.
878 2531 926 2571 fr.

735 2586 968 2648 Lepidiu'm.

144 2664 211 2702 85.
271 2661 319 2701 L.
352 2669 583 2714 campestre
611 2664 654 2706 L.
702 2665 832 2706 Rchb.
865 2665 918 2706 lc.
951 2666 1013 2706 Fl.
1048 2679 1177 2721 germ.
1210 2667 1261 2710 ll.
1296 2667 1322 2708 f.
1355 2669 1476 2710 4214.
1507 2667 1565 2707 ΡΙ.
1597 2681 1683 2710 exs.

37 2729 129 2769 coll.
162 2741 252 2770 ven.
285 2741 323 2768 n.
355 2732 422 2772 86.
1429 2726 1438 2735 ’

138 2795 184 2835 In
216 2795 433 2849 ruderatis,
464 2797 514 2837 ad
545 2799 634 2840 vias
661 2813 787 2854 prope
819 2800 1024 2854 Sopuerta
1055 2802 1095 2841 in
1115 2802 1293 2856 Vizcaya
1324 2807 1363 2843 et
1393 2801 1491 2843 alibi
1521 2803 1561 2842 in
1581 2801 1685 2844 ean-

37 2862 180 2915 labris,
211 2862 407 2915 Navarra,
443 2866 660 2921 Aragonia.
693 2866 802 2921 majo
833 2880 866 2907 c.
901 2867 938 2909 fl.
971 2872 1011 2909 et
1042 2867 1089 2912 fr.
