1867 3215
149 80 292 129 oss

262 209 357 250 454.
417 205 466 248 G.
495 202 818 252 rotundifouum
845 205 887 246 L.

266 267 407 314 Sierra
446 270 497 310 de
528 270 808 310 Guadarrama
846 272 887 311 in
928 273 1068 326 pineto
1099 272 1220 313 Pinar
1259 272 1310 314 de
1350 272 1532 328 Segovia
1567 274 1608 313 in
1638 283 1796 313 summo

153 344 270 396 parte
301 339 420 379 vallis
451 337 501 377 de
529 336 694 391 Lozoya
724 351 827 378 raro.
860 339 974 393 Sept.
1006 353 1040 380 c.
1072 339 1118 379 fr.

262 409 355 447 455.
419 403 466 444 G.
498 416 640 444 verum
670 403 714 444 L.
775 404 896 447 Gren.
928 406 1049 447 Godr.
1083 407 1105 447 Ι.
1141 420 1174 447 c.
1206 421 1243 460 p.
1279 409 1341 448 19.
1387 429 1434 437 —-
1479 405 1538 446 Pl.
1578 418 1664 446 exs.
1707 405 1797 448 coll.

153 485 244 514 ven.
277 485 315 514 n.
346 474 440 513 468.

264 538 310 578 1η
347 538 475 590 pratis
513 536 790 578 sabinetorum
835 552 960 592 prope
992 538 1209 580 Pozondon
1243 541 1283 580 in
1313 539 1520 594 Aragonia
1549 538 1718 579 australi
1750 538 1799 578 ad

155 607 223 646 alt.
255 606 382 646 ‘1200‘
411 605 602 658 copiose,
644 605 742 659 Aug.
776 618 809 645 c.
841 606 949 654 ssor.;
993 605 1041 646 ad
1074 608 1183 654 vias,
1225 608 1265 646 in
1296 607 1545 661 graminosis
1575 619 1646 660 per
1676 609 1799 645 totam

156 673 418 728 Aragoniain‚
449 675 661 724 utramque
692 672 912 712 Castellam
945 677 984 712 et
1015 673 1244 713 Navarram.
1857 710 1867 717 ,

266 741 361 780 456.
425 737 472 779 G.
504 742 757 778 maritimum
788 738 829 778 L.
892 740 1012 779 Greu.
1046 740 1167 780 Godr.
1202 742 1226 780 l.
1259 755 1291 780 c.
1326 755 1359 794 p.
1396 745 1459 781 21.
1510 742 1578 789 (ὓ.
1612 740 1800 780 villosum

155 806 289 852 Lam.)
323 829 372 862 ᾗ·
405 805 464 846 Pl.
496 819 580 847 exs.
613 806 702 846 coll.
737 819 826 845 ven.
863 819 898 847 n.
933 811 1025 848 525.

277 871 417 912 Sierra
447 872 497 913 de
529 871 654 912 Ghiva
686 874 726 912 in
756 886 883 928 regno
917 875 1122 913 valentino
1155 875 1194 913 in
1226 872 1387 913 fissuris
1417 875 1574 926 rupium
1607 874 1805 914 calcarea-

155 953 240 980 rum
280 939 484 979 umbrosis
523 942 564 979 in
603 940 708 979 valle
748 939 951 979 Barraneo
992 940 1041 979 de
1074 942 1255 995 Amliga5
1298 943 1418 980 etiam
1466 943 1505 980 in
1548 941 1802 995 rupestribus

156 1008 384 1059 pinetorum
417 1006 637 1046 Serraniae
667 1006 717 1045 de
749 1007 911 1047 Cuenca
944 1010 1108 1058 passim.
1142 1009 1242 1063 Aug.
1276 1024 1307 1048 e.
1342 1009 1426 1048 flor.
1461 1014 1500 1048 et
1531 1009 1578 1048 fr.

270 1076 364 1115 457.
426 1071 475 1114 G.
514 1076 702 1112 silvestre
734 1074 865 1113 Poll.
929 1074 1075 1114 Forma
1116 1075 1269 1129 glabra.
1332 1076 1390 1115 ef.
1432 1076 1601 1116 Jordan.
1636 1076 1803 1115 Observ.

164 1139 309 1194 fragm.
341 1140 413 1179 ΙΙΙ.
446 1155 483 1193 p.
520 1143 608 1180 145.
641 1143 773 1195 suppl.
806 1168 855 1172 —
887 1143 944 1182 Pl.
980 1158 1061 1182 exs.
1096 1145 1184 1182 coll.
1217 1157 1305 1183 ven.
1340 1157 1377 1182 n.
1412 1147 1491 1184 229
1522 1148 1561 1182 et
1593 1146 1685 1183 309.

270 1207 315 1247 lu
345 1209 548 1261 glareosis
579 1213 620 1248 et
649 1208 852 1249 ruderatis
883 1212 921 1249 in
955 1211 1060 1249 valle
1091 1211 1202 1250 fluvii
1236 1213 1340 1264 Arga
1371 1212 1410 1249 in
1431 1210 1608 1249 Navarra
1644 1214 1806 1262 septen-

162 1275 325 1315 trionali
372 1276 551 1328 passim,
597 1274 722 1315 Junio
770 1290 802 1316 e.
852 1276 965 1325 flor.;
1009 1280 1048 1316 in
1087 1280 1238 1330 pinetis
1279 1279 1428 1317 montis
1459 1279 1598 1317 Sancti
1631 1277 1806 1317 Joannis

161 1355 287 1396 prope
318 1342 435 1390 Jaca,
467 1344 609 1390 3000‘,
640 1342 753 1382 Julio
786 1357 818 1384 c.
851 1343 889 1382 fl.
923 1349 963 1383 et
994 1344 1039 1384 fr.
1069 1347 1154 1399 juv.

270 1411 362 1450 458.
427 1409 475 1449 G.
508 1412 692 1448 saoeatile
722 1409 766 1449 L.
800 1411 922 1451 Gren.
957 1412 1080 1452 Godr.
1114 1413 1137 1451 l.
1169 1426 1200 1451 e.
1235 1427 1272 1465 p.
1306 1415 1370 1454 38.
1411 1436 1460 1442 —
1506 1412 1565 1454 Pl.
1597 1424 1681 1454 exs.
1715 1411 1804 1451 coll.

158 1489 248 1517 ven.
280 1490 318 1516 n.
354 1479 446 1517 205.

269 1543 314 1583 ln
343 1544 600 1597 rupestribus
638 1544 922 1599 glareosisque
959 1547 998 1584 in
1027 1548 1126 1601 jugo
1157 1548 1306 1586 montis
1335 1547 1459 1586 Loma
1489 1546 1538 1586 de
1568 1546 1808 1599 Jaczquivel

161 1616 202 1651 et
232 1613 344 1664 juxta
374 1613 648 1651 sanctuarium
682 1612 821 1651 Sancti
852 1612 1055 1652 Martialis
1087 1627 1212 1666 prope
1243 1614 1364 1654 Yrun.
1399 1614 1522 1653 Junio
1556 1628 1587 1652 e.
1622 1613 1708 1652 flor.

270 1682 362 1720 459.
425 1679 473 1718 G.
504 1682 688 1727 palustre
716 1679 760 1718 L.
822 1680 944 1720 Gren.
978 1680 1098 1721 Godr.
1130 1682 1154 1719 l.
1188 1695 1220 1720 e.
1253 1695 1290 1734 p.
1323 1683 1387 1721 39.
1421 1705 1470 1712 —
1504 1681 1561 1720 Pl.
1596 1694 1680 1720 exs.
1715 1679 1805 1719 coll.

160 1758 251 1786 ven.
286 1759 322 1784 n.
354 1748 448 1786 216.
481 1760 514 1786 c.

271 1812 318 1851 In
350 1813 567 1867 uliginosis
597 1813 717 1852 vallis
749 1813 859 1854 fluvii
890 1814 1090 1854 Bidassoa
1119 1829 1246 1869 prope
1277 1816 1400 1855 Yrun.
1441 1814 1565 1855 Junio
1598 1829 1629 1855 e.
1663 1815 1748 1855 flor.

273 1881 367 1922 460.
429 1878 478 1922 G.
508 1883 691 1919 cria-orne
722 1880 875 1921 With.
906 1905 958 1912 —
989 1883 1047 1922 Pl.
1081 1897 1165 1924 exs.
1196 1884 1286 1922 coll.
1321 1895 1410 1924 ven.
1442 1895 1479 1922 n.
1514 1885 1605 1924 279.

270 1944 316 1985 ln
347 1947 559 2001 segetibus
590 1949 630 1987 in
662 1948 768 1988 valle
797 1949 908 1989 fluvii
937 1951 1040 2005 Arga
1073 1952 1111 1989 in
1131 1951 1309 1990 Navarra
1339 1951 1652 2004 septentrionali
1684 1954 1805 2003 atque

161 2013 201 2052 in
232 2013 339 2053 valle
371 2012 485 2053 fluvii
516 2015 676 2069 Aragon
708 2015 813 2055 infra
843 2029 934 2070 opp.
968 2017 1069 2056 Jaca
1101 2019 1279 2069 copiose.
1322 2018 1445 2058 Junio
1477 2031 1508 2056 c.
1542 2017 1628 2057 flor.
1660 2022 1701 2058 et
1731 2017 1777 2057 fr.

270 2083 362 2120 461.
421 2080 469 2122 G.
500 2080 687 2131 Aparine
715 2082 761 2122 L.

269 2145 316 2186 ln
344 2147 512 2201 sepibus
543 2149 787 2189 Cantabriae
818 2150 978 2203 ubique.
1012 2150 1120 2205 Majo
1152 2150 1326 2190 nondum
1361 2151 1522 2191 florens.

866 2218 1086 2268 Asper-ula.

277 2271 369 2308 462.
430 2269 479 2308 A.
509 2273 767 2321 cynanchica
797 2271 841 2314 L.
880 2275 1001 2313 Gren.
1035 2273 1155 2313 Godr.
1188 2274 1211 2312 l.
1247 2288 1279 2312 (⁸.
1314 2287 1350 2325 p.
1382 2277 1447 2314 47.

278 2322 323 2361 ln
363 2326 472 2363 arvis
513 2329 699 2366 arenosis
740 2330 844 2368 inter
874 2329 1128 2368 Fonteveros
1159 2333 1197 2368 et
1229 2329 1471 2369 Villanueva
1501 2328 1550 2368 de
1581 2329 1735 2368 Gomez
1767 2330 1806 2368 in

164 2377 344 2417 Castella
378 2384 515 2419 vetere
544 2395 648 2420 raro.
683 2384 764 2423 Oct.
800 2398 830 2422 c..
864 2384 947 2422 tlor.

275 2437 369 2475 463.
430 2434 478 2475 A.
511 2439 689 2476 ariscaca
721 2439 762 2477 L.
795 2437 849 2479 fil.
885 2439 965 2478 DC.
998 2439 1132 2479 Prodr.
1168 2439 1232 2479 lV.
1267 2454 1301 2491 p.
1336 2442 1426 2480 583.

279 2488 324 2528 ln
356 2491 567 2531 sterilibus
608 2494 715 2533 inter
746 2495 848 2534 Jaca
878 2500 917 2534 et
949 2499 1123 2534 montem
1157 2496 1298 2534 Sancti
1329 2495 1503 2534 Joannis
1532 2508 1635 2534 raro.
1696 2494 1807 2535 Julio

163 2543 338 2584 nondum
372 2545 535 2586 florens.

275 2603 366 2640 464.
428 2600 476 2642 Α.
508 2607 698 2642 aroensis
730 2605 768 2645 L.
803 2629 850 2632 —
884 2606 941 2644 l'l.
973 2620 1056 2645 exs.
1091 2606 1180 2644 0011.
1216 2620 1304 2646 ven.
1337 2620 1375 2644 n.
1410 2609 1500 2646 278.

276 2655 319 2695 ln
360 2658 572 2711 segetibus
612 2661 651 2697 in
693 2661 797 2700 valle
839 2660 949 2699 fluvii
983 2663 1138 2713 :tragon
1179 2666 1218 2700 et
1256 2661 1351 2700 alibi
1393 2663 1430 2700 in
1464 2662 1688 2715 Aragonia,
1728 2661 1804 2701 Na-

165 2724 294 2760 varra,
325 2724 451 2767 regno
484 2716 703 2765 valentino,
736 2722 903 2769 utraque
935 2717 1112 2756 Castella
1141 2720 1215 2756 etc.
1249 2717 1373 2756 Junio
1405 2731 1436 2757 c.
1469 2716 1553 2756 ssor.

867 2771 1111 2811 Shvrardia.

277 2825 370 2864 465.
434 2822 506 2864 δΙι.
537 2827 729 2863 aroensis
758 2827 799 2866 L.

277 2877 323 2918 ln
355 2881 466 2934 agris
498 2893 623 2935 prope
656 2881 780 2922 Olave
811 2886 852 2922 et
881 2883 978 2922 alibi
1010 2885 1049 2924 in
1080 2884 1272 2924 Navarra.
1305 2882 1430 2923 Junio
1459 2894 1492 2923 c.
1527 2881 1613 2924 ssor.
