1867 3215
175 120 241 167 ⁷8

167 248 456 300 brachychaeli
496 245 562 288 vel
596 246 814 300 pyrenaica·
850 246 1018 303 genuini
1048 248 1091 290 in
1119 247 1319 303 Hispania
1348 248 1457 290 lecta
1495 248 1704 305 bucusque
1732 263 1813 293 non

167 314 261 355 vidi.

717 428 720 432 ι
865 380 1104 423 Artemisia.

277 450 369 489 508.
429 447 479 488 A.
512 446 777 488 Absinchium
807 447 851 490 L.
883 449 1004 490 van?
1040 449 1380 490 Willkommiana
1410 462 1460 490 au
1490 462 1530 490 ιι.
1559 447 1657 504 sp?
1686 448 1729 491 G.
1758 449 1812 493 Η.

160 513 378 554 Schultz
409 514 499 568 Bip.
532 516 573 554 in
604 515 681 555 litt.
712 540 762 547 —-
794 516 855 556 Plc
888 529 974 557 exs.
1008 518 1098 557 coll.
1131 531 1220 558 ven.
1252 531 1290 557 n.
1322 520 1414 559 573.
1447 530 1479 556 c.

275 581 373 621 Basi
405 580 688 630 suffruticosa,
719 583 905 624 caulibus
935 583 1280 624 adscendentibus
1310 585 1459 624 erectis
1487 585 1670 640 virgatis,
1701 583 1813 625 foliis

163 648 336 688 caulinis
376 650 718 703 tripinnatisectis
758 652 947 705 utrinque
986 651 1358 691 albo-tomentosis
1397 651 1550 705 petiolo
1590 651 1672 691 late
1701 651 1810 692 alato

161 715 458 764 insidentibus,
489 719 716 771 segmentis
746 722 921 774 anguste
951 718 1174 758 linearibus
1205 720 1389 773 integris.
1451 717 1639 773 Capitula
1668 718 1718 758 ad
1748 731 1809 759 ra-

160 796 248 823 mos
278 788 460 824 arrectos
490 783 703 825 filiformes
733 785 825 825 laxe
855 798 1079 826 racemosa.

269 849 315 890 In
346 851 515 904 rupibus
545 852 744 893 calcareis
772 853 922 907 apricis
954 865 1080 907 prope
1111 865 1258 907 pagum
1278 852 1673 894 Prados-Redondos
1704 851 1810 894 baud

159 917 297 968 procul
327 918 520 958 aMolina
550 918 599 959 de
631 920 792 975 Aragon
823 919 1017 973 frequens
1047 921 1254 973 caespites
1284 933 1457 975 magnas
1487 920 1699 974 bipedales
1730 920 1805 961 for-

158 996 288 1034 mans,
319 985 392 1025 sed
423 985 457 1027 d.
489 990 542 1028 30
571 987 673 1027 Julii
703 987 880 1027 nondum
912 987 1077 1028 florens.

267 1052 359 1091 Obs.
418 1053 607 1093 Genuina
638 1054 685 1093 A.
721 1054 931 1094 Abslnlhii
960 1054 1089 1094 forma
1120 1055 1159 1094 in
1190 1055 1360 1110 regione
1389 1055 1528 1109 alpina
1547 1055 1700 1096 Sierrae
1730 1054 1805 1096 Ne·

156 1118 283 1159 vadae
314 1122 502 1171 occurrit,
534 1120 607 1161 sed
637 1120 747 1161 soliis
777 1123 967 1176 utrinque
997 1122 1420 1162 sericeo-tomentosis
1449 1121 1611 1178 gaudet.

266 1190 359 1229 509.
418 1187 466 1227 A.
500 1190 688 1241 vulqaris
717 1188 760 1229 L.

264 1253 323 1294 Ad
362 1267 487 1308 sepes
525 1260 567 1295 et
595 1268 719 1310 rupes
751 1268 876 1310 prope
907 1254 1097 1310 oppidum
1128 1255 1251 1309 Bejar
1280 1256 1322 1296 in
1353 1255 1559 1296 montibus
1589 1256 1695 1297 inter
1723 1254 1801 1297 Ex-

153 1321 423 1361 tremaduram
453 1336 706 1377 regnumque
734 1322 1010 1377 Legionense.
1045 1324 1128 1363 Oct.
1162 1322 1255 1363 defl.

265 1391 358 1428 510.
419 1389 470 1430 A.
502 1393 644 1440 alpina
672 1390 727 1433 Μ,
759 1389 803 1430 Β.
837 1393 934 1439 (non
966 1390 1095 1437 Dec.)
1125 1403 1208 1430 sec.
1241 1389 1284 1429 G.
1317 1389 1366 1432 H.
1399 1388 1610 1430 Schultz
1640 1389 1729 1444 Bip.
1763 1391 1805 1430 in

153 1455 229 1494 litt.
263 1478 312 1487 —
345 1454 405 1496 Pl.
439 1469 522 1497 exs.
557 1458 647 1497 coll.
681 1470 772 1497 ven.
806 1471 844 1497 n.
877 1460 970 1500 461.
1001 1459 1063 1506 (Α.
1097 1456 1282 1497 eriantha
1311 1456 1413 1497 Ten.
1447 1470 1495 1496 ex
1526 1458 1663 1510 parte!
1697 1457 1802 1499 C.l{.

153 1520 320 1562 Schultz
351 1522 439 1578 Rip,
477 1525 517 1564 in
548 1524 617 1566 Dr.
651 1523 801 1565 Funkii
832 1526 886 1578 pl.
918 1526 1066 1567 exsicc.
1099 1524 1204 1578 hisp.
1236 1524 1348 1564 Julio
1384 1527 1491 1566 1848
1520 1538 1646 1578 prope
1663 1525 1802 1565 Sierra

152 1588 201 1628 de
232 1590 399 1630 Alcaraz
430 1592 537 1631 inter
569 1592 716 1633 Cistos.
759 1616 813 1624 —-
856 1593 900 1632 Α.
933 1593 1071 1632 lanata
1100 1591 1181 1632 Dc,
1215 1604 1296 1631 non
1326 1590 1465 1631 Lamk.
1508 1595 1549 1631 et
1587 1584 1633 1637 β.
1665 1593 1803 1646 alpina

153 1655 289 1696 Prodr.
323 1657 389 1697 Vl.
424 1673 462 1712 p.
497 1662 608 1706 123.)

261 1723 306 1763 ln
345 1725 548 1779 glareosis
588 1727 856 1780 arenosisque
896 1727 1092 1766 calcareis
1133 1726 1320 1780 planitiei
1362 1726 1470 1766 altae
1509 1727 1617 1767 circa
1646 1726 1801 1769 Molina

155 1790 205 1830 de
236 1791 412 1845 Aragon,
447 1807 571 1848 prope
602 1793 779 1844 Pardos,
813 1793 956 1844 Chera,
988 1793 1157 1843 Setiles,
1188 1792 1421 1843 Pozondon‚
1453 1793 1504 1834 ad
1533 1794 1601 1835 alt.
1635 1798 1800 1837 3500—

151 1859 277 1898 4200‘
307 1860 409 1898 satis
441 1861 621 1914 copiose,
653 1874 816 1914 semper
846 1863 886 1900 in
918 1861 1005 1901 solo
1032 1862 1459 1916 jurassico-calcareo.
1505 1860 1694 1903 Exeunte
1723 1862 1797 1904 Ju-

151 1923 205 1962 lio
233 1926 316 1978 jam
348 1925 433 1966 tere
465 1926 556 1967 cless.

261 1991 354 2033 obs,
391 1998 425 2033 1.
484 1994 629 2034 Planta
660 1996 822 2044 critica,
870 1995 1129 2049 quamobrem
1162 1993 1480 2050 descriptionem
1509 1996 1659 2037 addere
1689 1997 1795 2038 volo.

149 2058 416 2113 Caespitosa‚
447 2060 669 2101 rhizomate
700 2066 869 2114 repente
901 2063 1060 2116 lignoso
1092 2075 1254 2101 ramoso
1283 2064 1539 2115 multicipite.
1599 2063 1718 2103 Folia
1745 2063 1797 2104 ad

148 2127 287 2180 apices
325 2126 559 2168 rhizomatis
602 2129 850 2170 densissime
896 2133 1092 2184 congesta
1134 2130 1310 2168 breviter
1351 2130 1547 2183 petiolata
1577 2132 1796 2170 triternati-

147 2198 262 2232 secta
302 2195 367 2233 vel
408 2196 896 2250 palmato-pinnatisecta
937 2199 1163 2250 segmentis
1194 2197 1619 2237 lineari-lanceolatis
1648 2199 1793 2237 acutis.

145 2260 292 2299 caules
325 2275 373 2301 ex
404 2263 587 2316 apicibus
618 2263 852 2304 rbizomatis
884 2271 1102 2304 nascentes
1134 2265 1258 2302 erecti
1289 2264 1565 2318 semipedales
1597 2265 1658 2305 vel
1677 2266 1792 2305 altio·

149 2339 215 2365 res
246 2329 455 2381 simplices
487 2330 549 2368 vel
582 2344 759 2383 superne
790 2333 940 2371 ramosi
974 2345 1094 2386 parce
1126 2331 1269 2379 foliati,
1303 2330 1411 2370 foliis
1443 2332 1659 2372 sessilibus
1675 2336 1795 2373 semi-

150 2394 514 2447 amplexicaulibus
546 2397 735 2437 brevibus
767 2397 1041 2451 pinnatifulis,
1090 2398 1248 2437 laciniis
1290 2398 1545 2438 lanceolatis.
1607 2398 1794 2452 Capitula

148 2474 295 2515 magna
335 2463 550 2502 multiflora
593 2465 842 2518 subglobosa
884 2466 1061 2505 breviter
1103 2464 1373 2518 pedunculata
1412 2466 1597 2505 nutantia
1634 2467 1696 2505 vel
1742 2467 1792 2507 ad

147 2529 302 2567 caulem
341 2530 567 2582 simplicem
610 2533 1001 2583 spicato-racemosa
1042 2532 1105 2570 vel
1138 2534 1177 2569 in
1210 2532 1324 2571 caule
1354 2545 1515 2571 ramoso
1548 2533 1789 2585 paniculata.

147 2594 367 2635 Pcdoneuli
411 2597 583 2636 bracteis
624 2596 772 2638 trifidis
812 2599 982 2639 suffulti.
1045 2597 1230 2638 Anthodii
1263 2598 1561 2652 luemispbaerici
1594 2600 1792 2640 imbricati

148 2674 344 2713 squamae
376 2664 628 2704 lanceolatae
659 2666 841 2707 obtusae.
903 2666 1007 2705 Tota
1046 2666 1185 2718 planta
1215 2665 1341 2704 dense
1373 2666 1714 2706 albo-tomentoso
1737 2668 1790 2707 la-

147 2734 254 2776 nata,
287 2728 385 2769 folia
413 2730 605 2770 radicalia
637 2733 822 2784 utrinque
853 2734 1164 2772 niveo-sericea.

256 2795 347 2835 obs.
381 2801 414 2837 2.
481 2797 622 2855 Planta
653 2799 692 2837 in
718 2801 832 2854 jugis
855 2801 1073 2853 jurassicis
1104 2801 1209 2837 circa
1240 2798 1394 2838 lllolina
1419 2812 1608 2838 crescens
1625 2812 1787 2853 semper

146 2861 330 2901 caulibus
360 2864 629 2917 simplicibus,
661 2866 851 2919 capitulis
881 2867 1303 2907 secundo-racemosis
1334 2865 1524 2918 foliisque
1542 2865 1788 2907 radicalibus

144 2925 313 2968 densius
342 2933 551 2988 congestis
581 2938 622 2974 et
651 2933 875 2974 minoribus
904 2934 1056 2988 gaudet
1089 2947 1207 2990 quam
1238 2934 1378 2991 planta
1407 2945 1431 2973 a
1461 2932 1508 2973 cl.
1541 2932 1610 2975 Dr.
1640 2932 1786 2974 Funk
