1867 3215
177 102 244 149 2⁰

291 228 466 283 Species
496 226 828 276 distinctissima,
868 239 892 265 a
923 225 1124 266 botanicis
1161 227 1366 281 europaeis
1397 225 1606 281 bucusque
1634 228 1825 283 neglecta

178 296 324 349 iisque,
355 301 399 337 ut
427 295 599 344 videtur,
631 306 798 346 prorsus
814 294 969 347 ignota,
1001 291 1136 333 affinis
1150 292 1734 341 Rramosissimaepourr..
1766 294 1820 335 R.

175 362 553 416 laeviyacacDon.,
587 359 641 399 R.
670 362 898 411 pruinosae
916 359 1039 399 Dec.
1063 364 1115 400 et.
1133 362 1269 400 luceae
1284 361 1345 411 L„
1377 374 1400 400 a
1430 361 1578 414 quibus
1607 361 1819 402 crescendi

178 429 321 477 modo,
352 428 584 482 gracilitate
613 439 814 467 ramorum
846 426 1191 480 subaphyllorum,
1223 426 1390 468 floribus
1423 428 1590 467 minutis
1620 428 1821 481 pendulis,

181 495 362 550 capsulis
400 495 534 549 longis
574 494 821 542 linearibus,
858 494 1083 534 seminibus
1114 496 1310 535 testaceis
1343 496 1471 548 primo
1504 495 1652 534 intuitu
1680 494 1822 535 distin·

177 564 325 618 guitur.
367 587 420 594 —-
462 561 608 601 Planta
646 560 785 601 habitu
819 562 968 616 junceo
1003 561 1284 615 1—2-pedalis
1313 566 1354 601 et
1394 562 1498 601 ultra
1537 562 1820 617 glaucescens.

177 629 327 669 Gaules
356 627 610 669 teretiusculi
640 627 729 668 basi
757 631 1115 683 purpurascentes,
1147 628 1345 681 puberuli.
1405 630 1527 669 Rami
1556 630 1704 669 arrecti
1733 641 1822 685 gra-

179 696 332 736 cillimi.
391 696 508 736 Folia
538 694 730 736 inferiora
759 696 996 749 plerumque
1028 696 1247 748 tripartita,
1278 697 1490 750 superiora
1508 695 1685 735 indivisa
1703 708 1822 749 parce

178 763 459 819 pilosiuscula.
519 762 689 802 Racemi
720 761 917 803 fructiferi
948 762 1115 815 pedales
1146 767 1186 801 et
1218 762 1324 802 ultra
1352 762 1445 802 laxi.
1504 762 1651 802 Flores
1681 763 1722 801 in
1752 775 1821 816 ge-

179 843 278 870 nere
318 829 495 870 fortasse
534 830 689 869 minimi
729 830 803 869 sub
843 828 1003 869 anthesi
1043 830 1182 868 cernui
1221 829 1287 868 vel
1323 833 1518 868 nutantes
1549 829 1614 868 vel
1643 827 1821 883 penduli.

180 895 379 937 Pedicelli
410 896 628 949 capillares
659 898 814 951 apicem
846 909 990 936 versus
1022 896 1239 936 incrassati
1270 896 1485 944 1¹l2—-2“‘
1515 896 1638 951 longi.
1672 894 1826 949 Sepala

180 963 403 1014 inaequalia
443 964 620 1019 oblonga
658 964 804 1004 obtusa
843 962 1043 1017 pedicello
1083 963 1202 1016 triplo
1243 961 1440 1002 breviora.
1501 961 1642 1002 Petala
1683 960 1824 1014 calyce

179 1032 246 1071 vix
283 1031 470 1084 longiora
506 1029 708 1071 fimbriata
749 1031 852 1070 alba.
923 1029 1111 1069 Stamina
1160 1041 1378 1069 numerosa
1415 1028 1554 1081 calyce
1594 1027 1823 1082 petalisque

180 1097 272 1151 plus
302 1097 423 1150 duplo
454 1097 661 1152 longiora,
703 1097 885 1137 antheris
926 1096 1300 1149 cordato-oblongis
1329 1096 1466 1135 luteis.
1528 1096 1716 1135 Ovarium
1745 1098 1826 1134 sta-

177 1165 287 1204 mina
317 1176 486 1217 aequans
515 1164 795 1204 subclavatum
826 1163 1103 1204 tridentatum.
1164 1162 1340 1216 Capsula
1355 1162 1556 1216 pedicello
1575 1166 1711 1202 erecto
1740 1162 1827 1202 lou-

179 1232 281 1286 gior,
312 1230 472 1272 5-6¹“
501 1230 638 1285 longa,
669 1231 958 1281 subtriquetra,
991 1242 1060 1269 ore
1091 1232 1297 1268 contracta
1327 1232 1524 1269 truncata.

290 1296 383 1336 obs,
416 1297 653 1350 Specimina
681 1311 773 1338 mea
804 1309 893 1337 cum
923 1297 1148 1350 specimine
1178 1296 1369 1350 originali
1398 1296 1448 1335 ab
1479 1294 1825 1351 ipsoLagasca

180 1364 303 1413 lecto,
336 1363 441 1417 quod
472 1364 665 1417 possideo
697 1379 745 1405 ex
777 1362 1200 1411 berb.Boutelouano‚
1231 1362 1352 1414 plane
1382 1368 1621 1418 congruunt.
1682 1362 1727 1402 ln
1757 1362 1825 1403 de-

179 1430 470 1484 scriptionibus
507 1431 665 1470 itineris
704 1429 873 1472 secundi
913 1429 1204 1483 epistolaribus
1243 1430 1713 1484 (Vegetationsskizzen
1753 1442 1828 1470 aus

181 1499 377 1552 Spanien.
419 1496 563 1539 Botan.
607 1498 708 1539 Zeit.
750 1501 872 1545 1851)
911 1496 1014 1536 hanc
1053 1497 1234 1549 speciem
1261 1509 1350 1536 cum
1381 1496 1433 1536 R.
1464 1499 1626 1546 viryata
1657 1496 1824 1547 Boiss,

179 1564 327 1605 Reut.
360 1577 384 1604 a
412 1562 652 1619 Lagascana
683 1569 767 1605 toto
800 1563 914 1604 coelo
945 1562 1190 1603 abhorrente
1219 1575 1295 1604 nec
1325 1576 1502 1618 unquam
1533 1566 1574 1604 in
1605 1565 1825 1618 gypsaceis

181 1634 396 1672 crescente
426 1630 602 1674 confudi.

292 1701 386 1740 123.
443 1697 495 1738 R.
537 1697 852 1749 suffi·uce‘culosa
882 1695 926 1737 L.
987 1695 1108 1737 Pritz.
1149 1695 1282 1749 suppl.
1320 1696 1362 1736 iu
1401 1696 1534 1748 Walp.
1575 1696 1742 1751 Repert.
1783 1710 1821 1750 p.

184 1769 246 1807 16.
278 1764 406 1805 Rchb.
437 1764 489 1804 Ic.
521 1763 582 1804 Fl.
630 1777 757 1820 germ.
799 1762 850 1802 11.
891 1762 918 1803 f.
950 1766 1058 1804 4449
1088 1761 1237 1817 (figura
1267 1762 1378 1802 floris
1407 1764 1515 1803 aucti
1545 1763 1675 1803 solam
1707 1766 1822 1804 natu·

182 1845 267 1873 ram
298 1832 404 1873 bene
432 1832 753 1886 repraesentat.)
813 1829 872 1872 Pl.
903 1842 987 1869 exS.
1020 1829 1111 1869 coll.
1145 1842 1234 1869 ven.
1265 1842 1304 1869 n.
1335 1833 1428 1872 474.

294 1899 340 1938 In
381 1900 491 1954 agris
531 1902 572 1938 et
610 1897 777 1952 pascuis
815 1897 1002 1937 arenosis
1042 1888 1150 1936 c'irca
1189 1908 1337 1951 pagum
1372 1897 1540 1936 Sarrion
1582 1896 1752 1937 et‘alibi
1781 1898 1823 1938 in

183 1966 388 2021 Aragonia
417 1965 587 2006 australi
616 1969 740 2019 atque
770 1965 810 2004 in
841 1969 956 2018 parte
985 1965 1101 2019 regni
1130 1963 1326 2004 valentini
1357 1962 1524 2003 boreali.
1584 1964 1687 2018 Aug.
1718 1978 1752 2004 c.
1783 1963 1823 2004 fl.

180 2036 221 2072 et
250 2031 297 2072 fr.

296 2098 390 2139 obs.
450 2099 482 2138 A
511 2096 563 2137 R.
583 2100 690 2148 alba,
722 2110 810 2138 cum
843 2110 921 2151 qua
951 2097 999 2137 cl.
1033 2097 1278 2136 Boissier
1309 2099 1422 2149 (voy.
1457 2095 1537 2136 bot.
1569 2095 1665 2150 Esp.
1697 2099 1823 2150 p.·75)

183 2166 287 2206 hanc
318 2168 498 2220 speciem
530 2177 741 2219 perperam
775 2165 1008 2219 conjungit,
1037 2165 1211 2203 racemis
1240 2163 1549 2217 gracilioribus,
1580 2165 1821 2219 angustiori-

182 2234 282 2283 bus,
320 2232 487 2273 floribus
520 2232 697 2272 breviter
727 2231 1008 2285 pedunculatis
1038 2231 1162 2269 multo
1195 2230 1442 2279 minoribus,
1484 2231 1663 2285 capsulis
1694 2232 1821 2271 brevi-

183 2301 261 2340 bus
293 2299 478 2339 obovatis
517 2313 586 2339 ore
617 2300 699 2338 late
729 2299 926 2338 truncatis
957 2300 1057 2344 (nou
1089 2298 1546 2352 lanceolam-elongatis
1577 2310 1647 2337 ore
1675 2299 1715 2338 in
1746 2298 1825 2338 col-

183 2368 265 2408 lum
297 2367 552 2417 contractis),
584 2366 812 2405 seminibus
843 2365 970 2404 ‹lilute
1000 2365 1195 2403 testaceis
1227 2366 1327 2410 (non
1346 2364 1491 2410 fuscis)
1521 2368 1561 2404 et
1590 2366 1826 2405 ramositate

182 2433 342 2473 abunde
372 2431 517 2474 differt.
576 2431 627 2471 R.
658 2434 753 2471 alba-
782 2433 909 2485 Aprili
945 2435 985 2470 et
1015 2429 1138 2484 Majo,
1171 2430 1220 2469 R.
1251 2431 1505 2479 fruticulosa
1533 2432 1647 2472 Julio
1678 2436 1718 2472 et
1747 2433 1824 2473 Au-

182 2505 303 2555 gusto
337 2499 465 2540 floret.

298 2569 388 2607 124.
450 2564 867 2618 Rvirqacassoiss.
898 2565 1047 2605 Reut.
1080 2563 1214 2618 diagn.
1247 2577 1337 2604 nov.
1371 2563 1472 2618 hisp.
1505 2578 1543 2617 p.
1575 2568 1613 2605 6.
1645 2565 1701 2606 ΡΙ.
1735 2579 1819 2606 exs.

183 2623 275 2663 coll.
307 2636 398 2662 ven.
430 2621 570 2661 select.
600 2634 636 2660 n.
669 2624 722 2661 96
752 2634 788 2660 a.

291 2677 338 2716 In
383 2678 570 2716 arenosis
615 2675 664 2715 ad
711 2677 863 2715 viarum
904 2678 1110 2731 margines
1150 2676 1253 2714 inter
1285 2675 1527 2716 Salamanca
1563 2678 1604 2714 et
1642 2675 1820 2715 Enolnas

184 2734 338 2785 passim
370 2732 591 2771 bestiarum
622 2731 744 2770 dente
773 2732 972 2780 mutilata,
1005 2731 1143 2772 Octob.
1176 2744 1208 2771 c.
1243 2729 1278 2772 ss.
1311 2735 1350 2768 ct
1381 2730 1428 2770 sr.

295 2791 385 2829 125.
445 2786 497 2826 R.
531 2786 706 2826 Luleola
736 2785 778 2825 L.
813 2786 938 2826 Rchb.
972 2787 1024 2826 lc.
1058 2788 1081 2826 l.
1115 2801 1147 2826 c.
1180 2786 1206 2824 f.
1239 2788 1360 2825 4442.

286 2842 330 2882 ln
371 2843 556 2882 arenosis
596 2842 895 2897 pinguibusque
927 2856 998 2894 per
1029 2847 1150 2882 totam
1183 2841 1442 2894 Hispaniam:
1475 2853 1601 2894 prope
1629 2840 1715 2879 San
1745 2839 1820 2879 Se-

182 2895 355 2949 bastian,
386 2898 546 2949 Bilbao,
578 2898 815 2955 l'amplona,
846 2898 947 2939 Jaca
976 2899 1015 2939 in
1034 2898 1236 2955 Aragouia
1267 2909 1477 2955 regnoque
1509 2895 1729 2948 valentino,
1761 2908 1819 2954 pr.
