1867 3215
850 181 1123 234 Potyqonum.

277 250 371 289 894.
433 245 482 287 Ρ.
503 229 731 286 ‘aemulare
759 246 803 287 1..

279 313 324 353 ln
355 313 573 363 rudentis,
603 313 653 354 ad
685 315 773 353 vias
795 326 920 368 prope
937 315 1061 365 Yrun',
1093 314 1134 355 S.
1153 314 1372 356 Sebastian
1403 318 1477 356 etc.
1512 316 1551 356 in
1570 298 1809 367 Cantabri&

168 393 239 434 per
269 383 393 422 totam
423 379 684 432 Hispaniam·
737 379 847 435 Majo
882 395 916 421 c.
947 380 1033 421 flor.

275 448 369 487 895.
430 444 481 485 Ρ.
518 445 784 497 Hyaropiper
813 447 859 487 L.

277 511 323 551 ln
354 511 551 562 humidis,
586 513 635 552 ad
663 513 799 553 fossas
829 514 869 553 in
901 526 1005 568 pago
1030 513 1190 555 choras
1231 515 1282 556 de
1323 516 1361 556 la
1391 516 1532 556 Sierra
1568 516 1618 556 ad
1653 516 1810 558 radices

167 579 320 619 Sierrae
349 578 399 618 de
430 579 719 620 Guadarrama.
780 580 893 634 Sept.
926 594 961 621 c.
995 580 1033 621 fl.
1070 580 1116 621 fr.

272 646 366 686 896.
428 643 478 685 P.
511 647 766 697 amphibium
794 647 836 688 L.

278 711 324 751 ln
355 711 677 765 aquaeductibus
707 713 923 769 fluviisque
953 714 1032 755 Rio
1063 714 1181 755 Gallo
1213 728 1339 769 prope
1368 714 1523 757 Molina
1551 714 1602 756 de
1631 715 1805 769 Arsgon.

166 777 279 818 Julio
310 791 344 819 c.
378 777 464 819 flor.
744 789 748 791 “

827 846 1156 900 Thymeleae.

870 913 1115 956 Passerina.

276 982 371 1022 897.
433 979 483 1021 P.
517 982 741 1033 thymelaea
773 980 898 1021 Dec.
931 1004 985 1011 ——-
1015 982 1076 1023 ΡΙ.
1108 995 1193 1022 exs.
1227 982 1317 1022 coll.
1351 995 1442 1022 ven.
1474 994 1512 1023 n.
1544 983 1636 1023 374.

276 1046 322 1087 ln
354 1047 551 1088 caleareis
580 1061 783 1089 murorum
812 1048 918 1088 inter
948 1048 1051 1089 Jaca
1081 1052 1122 1089 et
1153 1049 1195 1090 S.
1228 1049 1336 1090 Juau
1366 1048 1417 1090 de
1447 1048 1488 1089 la
1517 1047 1628 1089 Pena
1656 1048 1696 1088 in
1716 1047 1809 1087 Ara-

165 1116 289 1167 gonia
319 1116 541 1168 superiore.
602 1115 714 1155 Julio
746 1128 778 1156 c.
810 1113 896 1154 flor.

275 1182 370 1222 898.
432 1180 483 1224 Ρ.
512 1183 674 1221 hirsuta
703 1181 749 1222 L.
783 1206 831 1212 —-
862 1181 922 1221 Pl.
954 1195 1038 1224 exs.
1072 1182 1164 1221 coll.
1197 1195 1285 1225 ven.
1314 1195 1352 1222 n.
1384 1184 1477 1224 499.

277 1247 462 1288 Abundat
487 1250 526 1288 in
551 1249 754 1288 sabulosis
772 1248 823 1289 ad
847 1261 956 1288 oram
977 1250 1101 1288 maris
1118 1261 1243 1302 prope
1262 1249 1505 1290 Valentiam.
1534 1247 1632 1302 Aug.
1664 1260 1697 1288 c.
1722 1247 1807 1287 flor.

279 1317 374 1356 899.
436 1314 485 1355 Ρ.
518 1318 712 1356 unctoria
741 1316 918 1356 Pourr.
950 1314 1084 1356 Boiss.
1115 1328 1206 1367 voy.
1240 1314 1320 1355 bot.
1353 1314 1414 1355 Fl.
1447 1329 1484 1369 p.
1517 1316 1611 1355 556.

276 1380 320 1420 ln
352 1383 561 1422 sterilibus
592 1383 788 1422 calcareis
820 1383 860 1422 in
892 1383 1095 1435 quercetis
1126 1383 1231 1422 inter
1261 1382 1367 1422 Sasa
1396 1385 1437 1421 et
1467 1381 1625 1421 Gurrea
1658 1381 1697 1420 in
1716 1381 1808 1420 Ara-

164 1450 287 1503 gonia
318 1449 523 1490 inferiore.
584 1449 696 1490 Julio
729 1451 818 1488 siue
849 1448 935 1488 flor.

278 1519 371 1557 900.
429 1515 480 1559 P.
510 1517 648 1556 dioica
675 1515 815 1556 Ram.

276 1583 321 1623 ln
353 1583 565 1636 Pyrenaeis
595 1584 811 1638 Aragoniae
843 1582 883 1622 in
914 1581 1116 1636 glareosis
1147 1580 1267 1621 vallis
1298 1579 1389 1622 lzas
1418 1579 1468 1621 ad
1506 1580 1573 1622 alt.
1615 1593 1647 1620 c.
1687 1578 1808 1623 5ooo'

165 1663 268 1693 raro.
327 1649 453 1691 Junio
485 1663 519 1691 c.
551 1649 637 1691 flor.

888 1714 1080 1767 Daphne.

278 1789 371 1827 901.
430 1783 484 1824 D.
514 1781 725 1824 Laureolo
754 1782 800 1824 L.
832 1805 885 1813 —
915 1783 974 1824 Pl.
1008 1795 1092 1822 exs.
1125 1780 1215 1820 coll.
1257 1793 1347 1821 ven.
1380 1793 1419 1821 n.
1450 1782 1542 1823 362.

276 1852 321 1892 ln
357 1853 566 1906 Pyrenaeis
597 1852 812 1906 Aragoniss
843 1851 883 1889 in
914 1849 1115 1905 glareosis
1145 1849 1359 1903 graniticis
1389 1860 1513 1902 supra
1543 1845 1690 1886 balnea
1706 1846 1807 1887 Pan·

165 1920 297 1959 ticosa
327 1918 376 1959 ad
406 1919 475 1958 alt.
508 1917 627 1960 5000'
657 1930 772 1967 raro;
802 1916 928 1957 Junio
962 1929 994 1956 c.
1024 1914 1110 1955 flor.
1170 1915 1356 1956 Abundat
1394 1916 1435 1955 in
1474 1913 1642 1967 sepibus
1670 1913 1806 1953 dume·

165 1987 300 2039 tisque
331 1985 585 2034 Cantabriae3
618 1997 653 2023 v.
684 1997 716 2023 c.
749 1996 874 2037 prope
905 1983 1031 2031 Yruu,
1063 1981 1217 2022 Bilbao.
1276 1981 1386 2037 Maio
1425 1979 1601 2022 nondum
1643 1979 1804 2021 florens.

275 2056 367 2093 902.
427 2050 481 2091 D.
514 2050 723 2090 Cneorum
755 2048 798 2090 L.
830 2072 883 2079 —
913 2048 972 2090 Pl.
1003 2061 1089 2089 exs.
1123 2049 1214 2091 coll.
1245 2061 1335 2089 ven.
1366 2061 1405 2088 n.
1439 2049 1504 2089 18.

276 2117 323 2158 ln
354 2118 558 2158 montibus
588 2116 830 2157 cantabricis
860 2128 986 2169 prope
1011 2115 1122 2156 Yrun
1153 2116 1192 2155 in
1223 2115 1311 2155 solo
1344 2115 1543 2170 granitico
1574 2112 1624 2153 ad
1652 2111 1812 2154 radices

166 2185 388 2225 cacuminis
419 2184 458 2224 la
489 2184 619 2237 noya,
652 2182 702 2222 ad
732 2182 800 2222 alt.
833 2196 866 2221 c.
899 2183 1020 2223 1500¹
1053 2182 1231 2236 copiose.
1263 2181 1372 2237 MaJo
1404 2194 1436 2221 c.
1467 2179 1554 2220 flor.

276 2254 371 2292 903.
432 2249 487 2290 D.
522 2251 722 2290 Gnidiam
751 2247 790 2288 L.
824 2269 877 2276 —
907 2248 967 2289 Pl.
998 2261 1083 2288 exs.
1116 2248 1206 2287 coll.
1239 2261 1329 2289 ven.
1360 2260 1397 2288 n.
1428 2249 1521 2288 443.

275 2317 406 2370 Prope
425 2317 628 2356 Carinena
659 2318 699 2355 in
729 2315 955 2370 Aragonia3
990 2313 1166 2354 abundat
1196 2315 1235 2353 in
1266 2313 1441 2354 dumetis
1462 2312 1579 2367 regni
1600 2310 1809 2360 valentini,

169 2383 365 2424 Castellae
395 2395 513 2424 noves
544 2387 585 2423 et
613 2381 933 2424 Extremadurae.
992 2380 1104 2421 Julio
1135 2402 1188 2411 —
1217 2380 1331 2434 Sept.
1363 2392 1396 2420 c.
1431 2378 1516 2419 flor.
1549 2377 1634 2419 Oct.
1666 2390 1699 2417 c.
1731 2375 1779 2416 fr.

827 2446 1150 2487 Laurineae.

276 2519 370 2558 904.
429 2513 603 2555 Laurus
629 2516 778 2554 nobilis
807 2513 851 2555 L.

280 2582 533 2635 Frequenter
563 2582 706 2621 colitur
744 2582 784 2620 in
817 2578 1058 2629 Cantabria,
1097 2578 1165 2619 ubi
1203 2579 1244 2619 in
1287 2577 1456 2632 sepibus
1491 2576 1810 2630 subspontsnea,

168 2661 205 2688 v.
238 2661 271 2688 c.
304 2661 429 2702 prope
457 2648 500 2690 S.
531 2648 764 2696 Sebastian,
796 2646 952 2686 Bilbao.

799 2711 1177 2751 Santalaceae.

278 2784 373 2822 905.
433 2780 579 2832 Osyrn's
607 2781 703 2819 alba
732 2779 775 2819 L.
808 2800 860 2809 —
890 2777 949 2819 Pl.
982 2791 1067 2819 exs.
1100 2777 1189 2820 coll.
1221 2790 1309 2818 ven.
1341 2790 1381 2817 n.
1413 2778 1505 2819 52⁴.

279 2846 325 2886 ln
355 2847 541 2888 arenosis
571 2851 612 2886 et
641 2845 898 2900 rupe-tribus
924 2845 1040 2898 Juxta
1067 2843 1279 2886 castellum
1310 2843 1350 2884 la
1374 2842 1487 2886 Mota
1517 2852 1643 2897 prope
1673 2839 1807 2883 §.Se-
