1867 3215
1566 117 1570 119 ,
1592 64 1683 112 151

714 192 1008 234 Platamhera.

157 266 276 305 1004.
335 260 387 303 Ρ.
418 261 650 302 solstitialis
676 260 912 316 Bonngh.
957 273 993 300 a.
1033 260 1233 311 laoeiflora
1275 258 1415 313 Drej.
1460 256 1588 299 Rchb.
1633 255 1690 301 fil.

44 329 176 371 deser.
209 329 324 370 Orch.
361 343 400 370 n.
431 333 470 371 3.
501 330 562 377 (P.
596 327 736 369 bifolia
763 328 880 368 Rich.
910 326 1038 368 Rchb.
1069 325 1125 368 fil.
1155 326 1213 366 lc.
1244 330 1270 366 t.
1300 327 1368 368 76.
1401 324 1473 372 ΙΙ.)

155 396 200 438 In
218 397 367 452 Pyren.
385 400 560 454 Aragon.
590 409 718 454 prope
740 408 889 451 pagum
906 395 1097 446 Sallent.,
1114 397 1255 446 3700‘‚
1284 406 1390 435 raro.
1409 392 1536 434 Junio
1553 405 1586 433 c.
1603 391 1690 433 flor.

740 461 866 502 Irid
877 475 982 503 eae.

779 529 950 570 Crocus.

158 603 277 642 1005.
338 599 406 640 Cr.
437 599 672 651 nudislorus
700 599 785 640 Sm.
818 598 954 639 Boiss.
985 610 1078 651 voy.
1108 596 1188 638 bot.
1219 597 1316 652 Esp.
1348 610 1388 651 p.
1418 599 1514 641 600.
1543 617 1596 626 -
1626 594 1686 636 ΡΙ.

44 679 131 706 exs.
162 667 256 709 coli.
286 679 376 707 ven.
408 680 446 708 n.
479 670 571 709 554.

156 735 298 775 Sierra
327 734 377 775 de
408 734 699 780 Guadarrama,
730 734 770 773 in
801 734 933 787 pratis
961 733 1169 773 montanis
1209 732 1342 772 silvae
1371 732 1493 772 Pinar
1522 730 1572 771 de
1602 729 1694 770 Bai-

44 804 154 852 sai'n‚
185 801 238 842 ad
266 802 336 842 alt.
369 816 402 844 c.
434 804 560 844 4000¹
578 832 588 852 ‚
630 806 754 856 atque
784 803 825 841 in
857 802 1024 841 ericetis
1060 813 1189 855 prope
1224 799 1301 839 Val
1339 798 1391 840 de
1430 798 1614 840 Fuentes
1653 799 1693 838 in

46 869 256 922 provincia
285 868 605 910 Salmanticensi
634 870 814 923 copiose.
873 869 988 923 Sept.
1021 867 1105 909 Oct,
1137 881 1172 908 c.
1202 865 1290 908 flor.

810 934 910 977 Iris.

162 1007 280 1047 1006.
340 1003 374 1043 1.
400 1007 619 1058 qraminea
650 1003 693 1047 L.
755 1002 883 1045 Rchb.
927 1001 979 1044 lc.
1010 1002 1072 1047 ΕΙ.
1102 1015 1229 1059 germ.
1260 1001 1329 1043 lx.
1359 1000 1386 1043 f.
1418 1003 1512 1044 374.
1544 1024 1597 1032 —
1635 999 1695 1043 ΡΙ.

44 1085 132 1113 exs.
165 1073 257 1113 coll.
291 1085 380 1113 ven.
412 1086 452 1112 n.
485 1076 577 1114 223.

156 1139 203 1179 ln
233 1142 399 1194 pascuis
427 1141 478 1180 ad
507 1142 638 1181 rivum
669 1141 777 1196 Arga
806 1144 848 1180 et
878 1140 986 1180 circa
1014 1138 1239 1193 Pamplona
1267 1140 1308 1179 in
1338 1138 1543 1187 Navarra5
1573 1138 1694 1178 etiam

45 1208 87 1248 in
117 1208 225 1248 valle
255 1207 368 1248 fluvii
393 1209 569 1263 Aragon.
603 1208 729 1249 Junio
759 1221 794 1248 c.
829 1206 916 1248 flor.

159 1274 253 1315 θῦε.
312 1275 453 1316 Variat
483 1275 727 1329 perianthiis
758 1275 956 1316 violaceis
983 1279 1024 1316 et
1052 1275 1204 1329 pallide
1235 1275 1449 1316 coeruleis.

160 1346 279 1385 1007.
340 1341 374 1384 Ι.
407 1343 707 1384 Pseudacorus
735 1343 781 1386 L.

154 1410 213 1451 Ad
243 1410 410 1452 fluvium
452 1413 561 1468 Arga
604 1425 731 1467 prope
770 1412 904 1453 Venta
942 1410 994 1453 de
1033 1412 1159 1454 Olave
1197 1415 1239 1453 et
1279 1411 1377 1452 alibi
1418 1411 1458 1450 in
1498 1408 1691 1449 Navarra.

47 1476 174 1519 Junio
203 1493 237 1520 c.
269 1478 356 1519 flor.

662 1547 1083 1601 Amaryllideae.

158 1616 277 1656 1008.
338 1612 570 1664 Leucojum
599 1619 841 1657 autumnale
869 1616 915 1658 L.
948 1615 1083 1657 Boiss.
1111 1628 1204 1669 voy.
1238 1614 1319 1656 bot.
1349 1612 1448 1669 Esp.
1466 1627 1504 1669 p.
1522 1616 1616 1656 605.
1640 1636 1693 1644 -

44 1680 105 1722 Pl.
136 1694 223 1726 exs.
254 1683 347 1723 coll.
379 1696 470 1724 ven.
502 1698 541 1724 n.
577 1688 673 1727 559.
708 1710 719 1714 »

159 1750 205 1790 ln
235 1753 423 1791 arenosis
454 1765 580 1806 prope
609 1752 814 1793 Talaveta
852 1751 903 1792 de
930 1752 973 1793 la
1000 1752 1148 1806 Reyna
1188 1752 1230 1791 in
1261 1749 1443 1791 Castena
1482 1762 1612 1800 nova,
1653 1750 1693 1788 in

47 1818 214 1857 ericetis
242 1818 562 1861 Extremadurae
591 1821 818 1875 superioris
847 1819 1102 1861 abundanter
1140 1833 1176 1860 v.
1209 1833 1242 1860 c.
1286 1820 1393 1860 inter
1434 1817 1610 1859 Calzada
1645 1817 1696 1858 de

47 1884 233 1937 Oropesa
260 1890 303 1926 et
331 1887 587 1928 Navamoral.
648 1887 788 1928 Octob.
820 1901 853 1928 c.
888 1886 976 1928 flor.

161 1956 280 1996 1009.
339 1953 571 1995 Narcissus
603 1956 912 1996 Bulbocodium
939 1954 985 1996 L.
1015 1954 1271 2009 (Crobularia
1302 1953 1522 1996 Bulbocod.
1553 1953 1695 2000 Haw.)

49 2042 104 2050 —
134 2020 194 2064 Pl.
224 2035 310 2063 exs.
341 2023 433 2063 coll.
466 2037 557 2064 ven.
586 2036 625 2063 n.
658 2026 724 2065 35.

161 2088 208 2129 In
238 2089 465 2132 declivibus
503 2091 737 2146 praeruptis
774 2091 1023 2146 graminosis
1062 2092 1288 2132 cacuminis
1326 2089 1518 2146 granitici
1556 2087 1699 2129 Monte

48 2155 99 2196 de
128 2156 168 2196 la
196 2157 314 2211 Haya
341 2171 469 2214 prope
498 2159 609 2200 Yrun
639 2158 690 2198 ad
720 2158 792 2198 alt.
823 2160 1118 2199 2000—2400‘
1147 2171 1252 2199 raro.
1289 2157 1400 2212 Majo
1432 2171 1466 2197 c.
1500 2156 1587 2199 flor.

160 2224 289 2267 Van?
318 2228 467 2276 minor,
497 2228 634 2281 scapis
664 2225 1056 2279 3—4pollicaribus,
1086 2224 1316 2280 perianthio
1348 2223 1564 2265 subsessili
1580 2223 1699 2278 polli-

49 2292 133 2332 cari
164 2291 222 2344 (in
251 2292 393 2347 planta
419 2292 652 2335 cantabrica
689 2299 731 2335 et
769 2294 932 2335 baetica
966 2294 1164 2343 l¹l²·-2“
1202 2294 1248 2341 1.)
1287 2305 1411 2334 aureo
1456 2293 1521 2341 (in
1558 2291 1698 2346 planta

49 2359 207 2414 vulgari
236 2358 369 2414 flavo).
429 2362 489 2402 An
519 2363 681 2416 species
712 2360 940 2403 distincta?
971 2384 1024 2392 —-
1413 2377 1415 2379 ¹

163 2427 210 2467 ln
255 2440 413 2468 summo
459 2429 668 2471 cacumine
717 2430 867 2470 montis
905 2428 1045 2469 Sierra
1093 2426 1144 2468 de
1179 2426 1458 2469 Guadarrama
1496 2426 1700 2468 Penaiara

50 2493 156 2535 dicto
191 2494 294 2536 hanc
322 2498 491 2551 stirpem
528 2509 672 2538 mense
701 2497 814 2538 Julio
848 2498 955 2538 1850
994 2495 1207 2536 florentem
1246 2495 1350 2552 legit
1389 2495 1437 2538 cl.
1468 2493 1697 2545 Graiills,

49 2562 118 2616 qui
147 2564 374 2617 specimina
400 2576 558 2606 mecum
587 2564 915 2607 communicavit.

687 2632 1067 2675 Smilacineae.

734 2701 1012 2741 Convallaria.

164 2769 284 2808 1010.
344 2764 387 2807 0.
419 2765 724 2821 Polyyonatum
752 2768 796 2811 L.
826 2766 956 2809 Rchb.
986 2765 1042 2808 lc.
1073 2765 1135 2807 Fi.
1166 2778 1294 2821 germ.
1325 2765 1374 2807 X.
1406 2764 1435 2806 f.
1466 2767 1559 2807 964.

165 2832 212 2873 ln
241 2833 463 2890 pinguibus
490 2837 641 2877 montis
670 2837 784 2878 Pena
813 2835 1004 2889 Gorveya
1031 2846 1137 2875 raro.
1197 2832 1308 2889 Majo
1337 2845 1372 2873 c.
1409 2831 1496 2874 flor.

164 2903 283 2944 1⁰11.
341 2900 387 2944 0.
416 2901 585 2953 mqq'alis
610 2901 655 2949 1..
683 2902 815 2947 Βοιὼ.
846 2902 872 2946 1.
905 2914 941 2946 c.
969 2900 998 2947 f.
1027 2904 1123 2946 000.
