1867 3215
1618 117 1685 164 ‘7⁷

37 251 182 293 leculis
214 251 265 292 ad
294 251 454 293 radices
484 250 709 292 cacuminis
739 249 880 291 Monte
916 250 966 292 de
997 250 1038 291 la
1066 249 1184 303 Haya
1213 248 1255 288 in
1286 247 1374 287 solo
1405 244 1605 302 granitico
1635 243 1687 285 ad

39 319 107 359 alt.
144 322 263 360 1500¹
293 333 398 360 raro..
437 319 546 374 MaJe
576 332 609 359 c.
642 317 729 357 flor.
764 321 805 357 et
833 317 882 358 fr.
909 319 995 373 JuV.

75 440 79 442 -
149 385 240 426 Obs,
274 387 508 441 specimina
536 398 627 425 mea
644 397 732 440 cum
757 382 1336 440 diagnoseGandolleana
1366 384 1407 421 et
1436 393 1525 420 cum
1556 379 1690 434 speci-

37 453 147 492 mine
177 465 200 492 a
231 453 279 493 cl.
304 450 728 493 Reichenbachio
758 449 815 491 fil.
848 453 888 491 in
905 451 1170 492 Pedemontio
1199 450 1305 489 lecto
1336 448 1468 503 quoad
1496 447 1596 487 folia
1629 450 1688 485 to-

39 523 204 574 tumque
223 519 401 561 habitum
419 523 561 560 exacte
578 507 821 574 congruunt,
852 519 924 559 sed
943 517 1245 558 characteribus
1274 515 1465 556 indicatis
1495 527 1520 554 a
1550 513 1691 565 specie

41 586 157 626 valde
191 586 413 629 diflerrunt.
455 588 595 640 Pappo
626 586 764 626 tubum
796 586 975 626 corollae
1005 589 1207 638 aequante
1236 585 1362 637 stirps
1391 585 1532 622 nostra
1561 580 1611 620 ad
1643 577 1689 619 S.

0 676 7 678 >
40 657 311 705 pyrenaicum
342 655 462 694 Gren.
496 653 615 693 Godr.
648 653 674 692 l.
707 666 740 691 c.
771 667 809 706 p.
842 656 935 694 124.
970 652 1147 701 accedit,
1179 650 1253 690 sed
1283 650 1472 703 capitulis
1503 647 1694 688 radianti·
1714 662 1731 683 r

42 722 129 770 bus,
162 721 331 762 floribus
359 712 477 761 flavis
508 724 547 760 et
578 719 766 759 foliorum
794 718 926 775 figura
957 720 1007 759 ab
1041 732 1090 759 eo
1121 717 1322 758 abhorret.
1369 718 1430 757 An
1458 715 1589 756 forma
1617 712 1688 766 hy-

41 788 154 829 brida
184 791 291 829 inter
322 789 367 829 S.
401 789 742 840 brachychaetum
773 791 814 827 et
839 785 1154 839 pyrenaicum?
1185 809 1237 817 --

154 859 247 899 507.
307 855 353 896 S.
385 858 652 896 cantabricae
679 866 719 895 n.
745 867 807 904 sp,
838 855 1054 904 Perennis,
1087 854 1204 894 caule
1232 853 1340 894 elato
1373 853 1549 907 simplici
1581 851 1695 893 fistu-

41 925 129 964 loso
161 925 342 973 sulcato,
374 923 484 964 foliis
514 921 762 962 radicalibus
793 923 1049 977 longissimis
1081 921 1521 975 oblongo—lanceolatis
1553 921 1593 959 in
1626 932 1697 973 pe·

41 993 183 1032 tiolum
226 993 392 1047 longum
437 991 519 1029 late
562 990 711 1030 alatum
759 991 982 1030 attenuatis
1026 989 1184 1028 obtusis
1226 988 1505 1041 integerrimis
1550 986 1697 1041 rigidis

41 1059 320 1115 glaberrimis3
353 1058 526 1098 caulinis
557 1055 708 1096 infimis
738 1056 1036 1106 conformibus,
1068 1057 1213 1095 mediis
1245 1055 1487 1095 lanceolatis
1518 1054 1607 1094 basi
1638 1057 1697 1093 at-

44 1128 223 1166 tenuatis
253 1127 504 1179 summisque
533 1125 1011 1164 lanceolam-linearibus
1049 1121 1520 1176 semiamplexicaulibus
1551 1121 1698 1167 subtus

42 1193 169 1233 dense
199 1193 663 1239 arachnoideo-lanatis3
709 1192 902 1244 capitulis
933 1194 1042 1232 5—6
1073 1189 1320 1239 umbellatis,
1353 1188 1595 1241 pedunculis
1625 1200 1695 1241 pa-

41 1262 138 1302 tulis
177 1262 419 1301 incrassatis
459 1258 857 1306 albo-tomentosis,
897 1259 1080 1314 squamis
1119 1256 1299 1297 anthedii
1341 1257 1529 1310 angustis
1569 1255 1694 1309 longe

45 1330 218 1369 acutatis
247 1330 489 1368 tomentosis
520 1326 692 1367 obscure
725 1323 922 1365 viridibus
952 1327 1070 1379 apice
1101 1324 1375 1379 sphacelatis;
1414 1320 1583 1362 floribus
1613 1321 1698 1374 ple-

48 1410 218 1449 rumque
256 1395 444 1437 omnibus
481 1394 701 1435 discoideis
740 1393 882 1441 flavis,
924 1392 1107 1433 acheniis
1149 1389 1519 1445 patulo-hirsutis,
1563 1401 1697 1443 pappo

45 1464 219 1504 mediam
252 1464 429 1504 corollae
459 1461 545 1502 tubi
578 1465 732 1516 partem
763 1464 978 1514 aequante.

157 1530 257 1571 Hab.
298 1533 508 1571 rarissime
548 1532 589 1570 in
628 1527 790 1568 fissuris
830 1529 988 1582 rupium
1032 1526 1305 1566 calcarearum
1337 1525 1378 1564 in
1409 1524 1539 1563 latere
1570 1523 1701 1564 orien-

46 1600 118 1640 tali
148 1601 300 1638 montis
330 1599 442 1639 Pena
473 1598 664 1651 Gorveya
694 1596 744 1637 ad
774 1596 842 1635 alt.
875 1609 908 1638 c.
939 1595 1089 1644 3500‘,
1134 1591 1202 1633 ubi
1245 1591 1281 1634 d.
1313 1595 1366 1634 26
1396 1590 1496 1647 Maji
1527 1590 1603 1631 duo
1634 1603 1700 1630 so-

44 1668 125 1707 lum
157 1668 385 1720 specimina
414 1665 602 1705 florentia
632 1666 727 1721 legi.

163 1735 309 1775 Planta
340 1736 418 1783 l¹s2
459 1733 550 1788 ped.
592 1734 715 1787 paris.
747 1733 830 1772 alta
859 1732 997 1772 radice
1028 1745 1167 1771 crassa
1195 1730 1321 1771 fibras
1351 1742 1594 1771 numerosas
1623 1727 1702 1768 fili-

45 1801 198 1841 formes
235 1802 502 1856 longissimas
542 1802 768 1840 emittente.
839 1799 978 1840 Gaulis
1019 1799 1238 1854 angulatus
1279 1797 1478 1852 profunde
1516 1797 1700 1837 sulcatus

49 1869 515 1910 arachnoideo-lanatus.
575 1868 694 1908 Folia
722 1868 917 1908 radicalia
946 1870 1056 1909 6-8
1086 1867 1181 1921 poll.
1214 1879 1298 1920 par.
1331 1867 1453 1921 longa
1488 1864 1703 1906 12—-14‘1‘

46 1938 143 1986 lata,
176 1935 440 1976 subcoriacea
471 1935 643 1976 obscure
673 1937 860 1978 virentia.
920 1934 1109 1988 Capitula
1137 1933 1419 1989 magnitudine
1449 1934 1502 1972 iis
1533 1931 1578 1974 S.
1611 1934 1702 1983 bra-

48 2006 261 2056 chyclmeti
291 2005 459 2059 genuini
490 2004 689 2057 aequalia.
747 2003 894 2043 Flores
923 2000 1102 2042 tubulosi
1132 2001 1188 2052 (in
1220 2002 1339 2041 unico
1372 2000 1503 2039 solum
1521 1999 1701 2054 capitulo

46 2072 147 2112 duas
177 2073 327 2128 ligulas
360 2069 590 2123 observavi)
610 2072 770 2126 'magni

157 2141 329 2193 Species
368 2139 610 2178 intermedia
651 2142 691 2178 et
732 2138 910 2177 tortasse
943 2135 1113 2190 hybrida
1145 2136 1252 2174 inter
1283 2134 1329 2174 S.
1360 2136 1634 2186 pyrenaicum
1665 2137 1705 2174 et

46 2207 91 2248 S.
121 2209 478 2258 braclzychaecum.
537 2207 570 2245 A
602 2207 750 2260 priore,
782 2207 845 2246 cui
869 2203 1037 2244 floribus
1059 2201 1276 2250 tubulosis,
1307 2201 1490 2255 acheniis
1507 2200 1704 2243 brunneis

46 2275 183 2328 patulo
207 2274 398 2324 hirsutis,
431 2274 619 2323 foliorum
650 2274 802 2324 forma,
841 2273 957 2313 caule
988 2270 1200 2319 fistuloso,
1243 2269 1469 2309 rhizomate
1517 2274 1558 2309 et
1589 2269 1705 2309 indu-

47 2346 184 2381 mento
216 2340 376 2391 affinis,
410 2341 545 2381 differt
575 2341 685 2381 foliis
716 2340 994 2396 integerrimis
1025 2336 1317 2387 subcoriaceis,
1348 2337 1529 2390 squamis
1559 2335 1700 2378 antho'-

50 2408 104 2449 dii
144 2410 261 2460 apice
304 2410 575 2463 sphacelatis,
626 2407 794 2448 floribus
835 2408 953 2446 ssavis
996 2420 1071 2445 nec
1111 2406 1361 2445 aurantiacis
1402 2409 1443 2444 et
1482 2405 1704 2458 praecipue

47 2490 180 2530 pappo
221 2476 393 2516 mediam
435 2476 566 2517 solum
609 2475 693 2516 tubi
734 2479 890 2530 partem
943 2476 1157 2526 aequante.
1237 2473 1268 2512 A
1310 2471 1356 2512 S.
1406 2473 1705 2523 brachychaeto

48 2544 111 2583 cui
142 2546 323 2596 squamis
355 2544 604 2598 sphacelatis
635 2545 836 2599 angustis,
869 2541 1036 2581 floribus
1069 2540 1186 2580 flavis
1217 2544 1258 2579 et
1288 2540 1411 2593 pappi
1446 2538 1703 2594 longitudine

50 2611 219 2659 similis,
252 2612 441 2665 capitulis
472 2611 715 2658 discoideis,
747 2610 857 2649 foliis
889 2609 972 2649 rad.
1006 2607 1445 2662 oblongo-lanceolatis
1476 2607 1629 2646 sensim
1661 2607 1704 2646 in

48 2677 242 2728 petiolum
286 2681 509 2718 attenuatis
549 2692 624 2718 nec
664 2679 796 2718 ovatis
829 2679 869 2716 in
900 2666 1095 2730 petiolum
1127 2674 1262 2714 subito
1304 2676 1547 2723 contractis,
1591 2673 1706 2714 indu-

48 2749 210 2793 mento,
243 2746 359 2785 caule
390 2745 589 2799 profunde
620 2746 775 2785 sulcato
806 2748 974 2797 totoque
1006 2741 1145 2783 habitu
1177 2741 1393 2782 distinctus
1424 2745 1501 2781 est.
1558 2741 1707 2781 Planta

50 2825 137 2851 cum
169 2812 442 2866 praecedente
465 2810 567 2852 sine
597 2812 716 2852 dubio
758 2825 831 2865 per
861 2814 988 2852 totum
1021 2810 1215 2850 montium
1248 2810 1569 2849 cantabricorum
1601 2813 1706 2849 trac-

52 2883 135 2920 tum
175 2893 393 2920 occurrens
435 2878 722 2921 observatione
753 2880 950 2920 ulteriore
980 2879 1225 2934 dignissima
1255 2880 1331 2920 est.
1393 2877 1630 2930 Specimina
1660 2874 1706 2920 S.
