1867 3215
1593 47 1683 91 103

151 173 196 212 ln
237 174 370 214 vineis
413 174 454 213 in
494 175 609 227 parte
647 171 842 212 inferiore
881 172 1031 211 montis
1060 172 1202 212 Sierra
1238 169 1289 211 de
1320 169 1447 210 Gbiva
1485 171 1525 209 in
1557 183 1681 224 regno

43 240 248 279 valentino
279 239 329 279 ad
360 240 428 279 alt.
463 254 496 279 c.
529 239 665 280 1000&
697 239 799 292 Aug.
831 252 863 278 c.
895 237 981 280 flor.
1013 242 1054 278 et
1086 238 1134 278 fr.

152 306 245 347 Oba.
305 306 485 347 Eandem
527 305 706 360 plantam
743 305 827 358 legi
867 318 973 345 anno
1006 307 1112 347 1844
1141 307 1181 345 in
1212 306 1332 346 cultis
1362 306 1529 345 Sierrae
1555 304 1685 343 Neva-

41 373 118 412 dae
157 373 207 413 ad
246 373 316 413 alt.
354 374 492 415 4000‘.
552 372 610 413 Ab
641 371 690 411 A.
722 375 893 411 arvensi
932 373 1122 413 coerulea
1164 385 1242 413 non
1274 373 1355 412 nisi
1384 370 1686 412 characteribus

41 439 232 480 indicatis
262 439 425 480 differre
453 438 551 479 mihi
579 437 749 480 videtur.

151 510 244 549 666.
307 505 356 546 Α.
389 508 538 546 tenella
567 505 610 546 1..
654 528 706 535 —
746 504 883 547 Prodr.
924 506 949 545 Ι.
992 520 1023 544 c.
1065 510 1130 548 71.
1172 529 1225 538 —-
1262 506 1320 548 Pl.
1353 519 1438 548 exs.
1471 506 1561 547 coll.
1593 518 1684 545 ven,

40 587 77 614 n.
109 576 204 615 208.

151 639 197 680 ln
227 641 474 695 graminosis
504 638 677 680 humidis
709 643 750 678 et
780 640 998 692 praecipue
1028 641 1231 680 muscosis
1256 641 1423 695 irriguis
1442 639 1687 680 Cantabriae

40 711 80 746 et
109 707 316 747 Navarrae
346 708 521 761 passimz
552 707 593 746 in
624 705 728 746 colle
760 706 989 760 telegraphi
1019 720 1145 760 prope
1160 708 1272 748 Yrun
1297 708 1400 747 satis
1432 708 1612 759 copiose,
1644 707 1684 745 in

40 778 183 814 ‘monte
211 774 443 828 Jaizquivel
472 775 578 813 inter
606 772 902 813 Fuenterrabia
939 778 980 813 et
1009 775 1287 814 sanctuarium
1314 773 1555 828 Guadalupe
1584 785 1689 818 raro,

48 842 89 880 in
131 841 239 881 valle
279 840 393 881 fluvii
425 840 648 890 Bfflassoa,
690 840 731 879 in
773 841 902 894 pratis
939 840 1160 896 uliginosis
1198 854 1324 895 prope
1364 841 1405 881 S.
1437 840 1617 881 Esteban
1649 841 1689 879 in

42 906 148 947 valle
179 908 334 948 Baztan
368 907 632 949 abundanter.
663 906 788 962 majo,
819 906 946 947 Junio
977 920 1011 949 c.
1043 906 1129 948 flor.
1521 901 1525 907 ’

730 974 856 1013 Olea
870 985 1002 1014 oeae.

757 1040 995 1081 Fraxinus.
1056 1085 1062 1087 ,

150 1112 242 1152 667.
301 1109 377 1150 Fr.
407 1111 617 1149 eoecelsior
643 1108 686 1149 1..

153 1176 198 1216 ln
244 1177 479 1217 nemoribus
519 1176 761 1217 Cantabriae
804 1175 895 1216 binc
936 1175 1029 1216 inde
1068 1188 1103 1215 v.
1146 1189 1178 1217 c.
1210 1176 1300 1216 loco
1330 1176 1479 1217 Puerto
1509 1174 1559 1215 de
1588 1174 1692 1215 Des-

42 1255 164 1298 carga
202 1245 306 1285 inter
333 1245 516 1299 Vergara
556 1249 596 1284 et
627 1243 823 1283 Villareal
864 1245 904 1282 in
936 1243 1192 1297 Guspuzcoa,
1224 1243 1273 1284 ad
1305 1242 1469 1283 fluvium
1502 1244 1693 1296 Gorveya

40 1312 79 1350 in
110 1311 302 1364 Vizcaya.

151 1380 244 1419 668.
304 1378 379 1418 Fr.
421 1376 700 1427 anqustifolia
740 1377 881 1419 vahl.
923 1399 975 1407 «-
1015 1377 1155 1419 Prodr.
1200 1377 1308 1418 Vlll.
1351 1392 1388 1432 p.
1420 1380 1512 1419 276.
1545 1403 1596 1409 —-
1628 1378 1685 1416 Pl.

39 1458 123 1485 exs.
155 1445 246 1485 coll.
280 1458 373 1486 ven.
405 1459 444 1485 n.
476 1448 570 1488 314.

150 1512 196 1553 In
237 1513 438 1554 v'alleculo
478 1512 642 1554 humido
682 1511 999 1554 interrLiedena
1038 1517 1078 1552 et
1108 1512 1218 1553 Yesa
1247 1513 1289 1552 in
1319 1512 1501 1553 Navarra
1532 1516 1687 1553 austra-

38 1582 150 1630 liori,
192 1581 232 1620 in
273 1580 379 1620 valle
408 1578 522 1620 fluvii
551 1580 738 1635 Aragon,
771 1581 878 1620 circa
904 1580 1007 1621 Jaca
1036 1584 1077 1620 et
1106 1582 1148 1620 in
1179 1579 1355 1621 vallibus
1385 1580 1685 1634 Pyrenaeorum

37 1646 300 1688 inferioribus
339 1659 469 1700 usque
498 1645 549 1686 ad
578 1649 705 1688 3000‘
735 1648 840 1686 satis
878 1649 1067 1701 copiose3
1109 1647 1235 1688 Junio
1279 1661 1311 1690 c.
1351 1646 1467 1690 fruct.
1509 1648 1684 1696 immat.;

37 1714 214 1755 abundat
245 1727 367 1755 secus
397 1713 557 1754 radices
587 1713 878 1754 meridionales
907 1715 1074 1755 Sierrae
1105 1714 1156 1754 de
1172 1714 1449 1755 Guadarrama
1480 1716 1688 1767 totiusque

38 1785 192 1822 tractus
222 1781 437 1829 centralis,
475 1782 697 1833 praecipue
726 1782 832 1821 inter
862 1794 1011 1836 pagum
1043 1780 1322 1822 Guadarrama
1349 1785 1390 1821 et
1420 1781 1458 1821 el
1488 1781 1687 1829 Escorial,

39 1848 107 1888 ubi
140 1862 307 1889 nemora
336 1848 493 1888 format.
528 1847 708 1889 Occurrit
736 1852 964 1902 pen-*totam
994 1848 1234 1902 Hispaniam
1265 1847 1486 1889 centralem
1513 1849 1690 1888 orienta-

37 1916 117 1956 lem
147 1920 189 1957 et
217 1915 452 1957 australem.

804 1982 915 2025 Olea.

148 2052 242 2093 669.
303 2050 349 2090 0.
381 2061 588 2101 europaeo
617 2049 661 2090 L.
704 2063 743 2089 x.
779 2050 968 2089 oleaster
998 2048 1122 2089 Dec.
1167 2049 1231 2090 Pr.
1270 2049 1294 2090 l.
1335 2063 1368 2090 c.
1394 2049 1503 2091 ⁶284.
1545 2071 1597 2077 —
1639 2049 1684 2088 Ο.

37 2129 244 2171 europaea
282 2113 326 2170 β.
364 2117 569 2158 silvestris
608 2117 742 2158 Boiss.
785 2129 874 2170 voy.
905 2115 1002 2170 Esp.
1034 2115 1157 2156 Flore
1196 2130 1233 2170 p.
1265 2119 1358 2159 4⁰7.
1388 2116 1466 2163 (0.
1497 2115 1684 2156 oleaster

37 2181 172 2239 Hffgg.
204 2182 295 2231 Lk.)

148 2249 193 2291 In
234 2252 439 2306 Aragonia
476 2249 670 2291 inferiore
709 2252 750 2291 in
789 2251 959 2304 sepibus
997 2249 1255 2304 dumetisque
1294 2250 1533 2300 hincinde,
1573 2262 1610 2290 v.
1651 2263 1685 2289 c.

39 2318 146 2357 circa
176 2318 321 2373 Borja‚
354 2318 534 2368 Daroca‚
566 2318 736 2367 Teruel3
774 2319 815 2357 in
847 2317 1028 2358 Castella
1058 2330 1164 2359 nova
1194 2331 1322 2372 prope
1353 2317 1534 2366 Gebolla,
1565 2317 1685 2358 Tala-

41 2395 136 2424 vera
165 2383 215 2425 de
244 2384 283 2425 la
313 2385 461 2439 Reyna
492 2389 569 2428 etc.
597 2385 681 2426 Jul.
716 2398 747 2425 c.
780 2384 897 2425 fruct.
929 2387 1082 2426 immat.

758 2449 984 2504 Phillyrea.
1059 2453 1070 2460 ‘

150 2520 242 2560 670.
304 2516 383 2559 Ph.
415 2519 692 2569 anqustifolia
721 2518 764 2559 1..

150 2583 198 2624 In
237 2587 443 2639 quercetis
472 2585 790 2628 Extremadurae
829 2586 1054 2639 superioris
1091 2597 1129 2625 v.
1171 2598 1204 2625 c.
1237 2585 1343 2625 inter
1373 2583 1486 2625 Tor-il
1517 2588 1558 2625 et
1586 2583 1686 2625 Mal-

38 2649 198 2704 partida
227 2653 406 2706 copiose.
440 2653 525 2694 Oet.
558 2667 592 2695 c.
627 2652 742 2694 fruct.
775 2655 870 2692 mat.

734 2717 992 2773 Liyustrum.

149 2786 244 2827 671.
304 2783 352 2824 L.
384 2786 555 2834 vulgare
582 2784 627 2825 L.
686 2784 835 2826 Forma
872 2784 984 2827 foliis
1022 2784 1490 2839 elliptico-lanceolatis
1515 2784 1686 2826 obtusis.

38 2849 98 2893 Pl.
128 2863 212 2894 exo·
245 2849 336 2892 coll.
369 2862 459 2893 ven.
490 2863 531 2893 n.
561 2852 627 2893 60.
1088 2844 1089 2847 ’
