1867 3215
1628 77 1692 122 59

42 203 226 242 vissimis
257 201 582 256 divergentibus3
628 200 828 241 fructibus
857 201 1064 258 oblongis,
1093 203 1249 243 aculeis
1273 204 1464 258 jugorum
1495 201 1692 241 secunda-

42 270 191 309 riorum
222 268 369 309 validis
399 269 727 321 mericarpiorum
759 268 1012 309 latitudinem
1045 270 1345 322 superantibus.

155 336 422 390 Synonymon
453 335 572 390 hujus
603 335 759 388 speciei
790 340 853 374 est
884 336 1039 388 Orlaya
1067 336 1455 389 placycarpouse
1483 337 1523 375 iu
1556 335 1690 376 Chior.

42 403 308 456 austro-hisp.
349 416 388 444 n.
418 405 512 443 766.
572 402 727 440 Praeter
755 403 977 442 stationem
1008 404 1078 442 ilio
1107 404 1196 443 loco
1236 403 1440 443 laudatam
1470 402 1523 440 Ι).
1545 403 1694 451 «Ιιίερα-

41 473 182 509 m'cam
223 471 344 509 etiam
386 471 426 508 in
458 471 594 507 monte
624 469 764 507 Sierra
796 468 951 523 Tejeda
990 470 1086 524 legi.
1148 470 1327 510 Eandem
1371 470 1550 523 speciem
1591 469 1693 522 legit

44 537 94 577 cl.
130 536 198 578 Dr.
230 536 378 577 Funk
420 548 562 574 mense
602 535 784 589 Augusto
822 537 918 575 anni
961 539 1068 578 1848
1107 538 1148 576 in
1191 538 1295 577 colle
1332 537 1444 577 arido
1483 536 1586 575 Sina
1626 534 1692 574 del

45 603 160 643 Moro
192 602 299 642 dicto
329 616 467 657 proper
487 600 720 641 Granatam.

784 667 952 719 Orlaya.

147 740 238 780 397.
299 737 344 776 O.
376 737 589 776 maritima
620 735 762 776 Koch.

156 804 198 843 ln
230 804 435 843 sabulosis
465 803 514 843 ad
532 816 641 842 oram
676 804 799 842 maris
830 815 955 856 prope
973 802 1216 842 Valentiam.
1250 804 1349 857 Aug.
1383 802 1469 841 fere
1500 803 1691 842 exsiccat.

754 870 963 908 Canentis.

152 940 244 979 398.
304 938 347 978 G.
378 939 603 975 daucoz‘des
631 936 672 977 L.
707 937 765 978 ΡΙ.
798 951 882 977 exs.
917 937 1008 976 coll.
1041 950 1129 976 ven.
1163 950 1200 978 n.
1233 939 1328 977 280.

150 1004 195 1043 ln
225 1005 337 1058 agris
367 1006 408 1043 in
438 1004 545 1043 valle
575 1004 687 1044 fluvii
717 1005 879 1058 Aragon
913 1006 1018 1044 inter
1049 1004 1091 1043 S.
1125 1003 1282 1042 Lucilia
1313 1007 1353 1043 et
1373 1003 1477 1044 Jaca
1508 1003 1690 1056 copiose,

41 1073 82 1111 in
113 1071 234 1111 cultis
264 1085 392 1125 propo
421 1071 582 1111 Daroca
612 1072 652 1110 in
683 1071 903 1126 Aragonia.
935 1072 1030 1112 Jun.
1064 1071 1147 1112 Jul.
1179 1084 1213 1110 c.
1246 1069 1294 1109 fr.

770 1138 940 1179 Torius.

149 1208 240 1247 399.
304 1204 354 1244 T.
389 1204 642 1244 Anehriscus
672 1205 828 1245 Gmel.

145 1272 192 1312 In
221 1273 391 1327 sepibus
423 1273 667 1321 Cantabriae,
698 1286 734 1312 v.
767 1286 800 1312 c.
833 1285 961 1326 prope
991 1271 1160 1322 Tolosa,
1189 1270 1349 1314 Biibao.
1381 1269 1490 1325 Majo
1523 1282 1556 1311 c.
1588 1267 1627 1307 ss.

772 1338 944 1389 Bif'ora.

149 1410 242 1450 400,
301 1406 354 1448 Β.
387 1408 625 1447 testiculum
657 1406 784 1448 Dec.

150 1474 196 1514 In
228 1475 442 1530 segetibus
470 1488 598 1530 prope
625 1473 858 1515 Madritum.
889 1474 991 1528 Aug.
1022 1486 1053 1513 c.
1087 1471 1204 1513 fruct.

755 1540 960 1593 Tltopsia.

151 1612 246 1650 401.
306 1607 384 1650 ΤΙι,
417 1611 565 1649 villosa
595 1609 639 1649 L.

147 1675 194 1716 In
226 1677 398 1716 collibus
426 1678 654 1731 margaceis
685 1690 812 1731 prope
843 1676 1024 1716 thermas
1054 1675 1243 1716 Tiermes
1274 1675 1314 1713 in
1346 1672 1564 1728 Aragonia.
1595 1669 1691 1710 Jun.

36 1755 68 1783 c.
99 1741 141 1782 fl.
202 1743 248 1783 In
280 1743 460 1784 Castella
499 1758 605 1785 nova
635 1742 686 1784 ad
716 1744 874 1784 radices
905 1745 1043 1784 Sierra
1075 1744 1125 1783 de
1155 1741 1434 1782 Guadarrama
1464 1741 1569 1779 inter
1601 1736 1691 1776 col-

38 1822 179 1850 menar
209 1811 316 1866 viejo
347 1815 387 1851 et
418 1810 583 1852 Choras.
616 1812 733 1865 Sept.
766 1825 801 1851 c.
835 1810 882 1851 fr.

711 1878 1012 1929 Laserpicium.

94 1932 106 1937 -
148 1948 242 1986 402.
304 1944 352 1986 L.
382 1947 576 1994 yallicum
608 1946 650 1985 C.
683 1945 839 1985 Bauh.
874 1945 934 1987 Pl.
966 1958 1050 1984 exs.
1085 1944 1174 1983 coll.
1208 1956 1298 1983 ven.
1334 1956 1372 1980 n.
1406 1944 1498 1982 209.

150 2011 196 2051 ln
237 2012 410 2052 collibus
448 2013 680 2068 margaceis
721 2014 827 2052 inter
857 2012 1039 2052 Liedena
1079 2015 1118 2050 et
1148 2011 1259 2051 Yesa
1296 2011 1338 2048 in
1367 2008 1547 2047 Navarra
1586 2019 1692 2054 raro,

39 2092 166 2133 prope
195 2079 300 2121 Jaca
329 2080 379 2120 ad
408 2079 566 2120 radices
596 2081 889 2133 Pyrenaeorum
921 2080 1100 2133 copiose.
1139 2077 1236 2118 Jun.
1271 2090 1303 2116 c.
1339 2075 1425 2114 flor.
1459 2078 1499 2114 et
1529 2072 1576 2112 fr.
1607 2074 1689 2126 juv.

761 2148 973 2196 Anyelica.

150 2216 247 2259 403.
304 2214 353 2254 A.
385 2215 589 2254 silvestris
619 2214 662 2254 L.
694 2229 731 2253 α.
761 2216 946 2268 yenuina
979 2213 1101 2255 Gren.
1135 2211 1255 2252 Godr.
1289 2210 1348 2251 Fl.
1382 2211 1447 2250 Fr.
1482 2209 1513 2249 I.
1546 2210 1692 2262 p.685.

151 2283 292 2323 Sierra
322 2281 371 2321 de
403 2281 700 2331 Guadarram,
732 2282 781 2323 ad
813 2296 937 2334 sepes
968 2286 1008 2321 et
1039 2280 1177 2320 fossas
1209 2278 1421 2319 umbrosas
1451 2290 1578 2330 prope
1609 2288 1692 2314 mo-

38 2350 260 2390 nasterium
292 2349 331 2389 el
360 2347 521 2389 Paulf'tr.
554 2350 668 2402 Sept,
701 2363 734 2390 c.
768 2349 806 2388 fl.
839 2354 880 2388 et
910 2349 958 2390 fr.

755 2415 978 2456 Anecnum.

148 2486 240 2524 404.
303 2481 354 2522 Α.
384 2485 628 2531 qrareolens
657 2483 736 2524 L?

147 2549 194 2589 ln
226 2550 347 2590 cultis
379 2563 506 2604 prope
537 2550 644 2591 Vera
675 2552 715 2590 in
747 2550 953 2604 Aragonia
983 2548 1191 2590 inferiore.
1222 2546 1302 2587 Jul.
1337 2560 1370 2586 c.
1404 2545 1488 2584 flor.
1523 2546 1612 2585 siue
1643 2544 1691 2587 fr.

707 2616 1018 2656 Peucedanum.

147 2687 241 2726 405.
302 2683 354 2724 Ρ.
385 2689 680 2734 slenocarpum
709 2684 884 2724 Boiss.
915 2684 1065 2724 Reut.
1107 2696 1198 2736 voy.
1234 2682 1329 2736 Esp.
1364 2680 1495 2733 suppi.
1530 2695 1565 2733 p,
1596 2682 1690 2721 733.

34 2752 91 2793 Pl.
128 2764 212 2790 exs.
246 2751 338 2790 coll.
373 2765 461 2791 ven.
494 2765 532 2792 n.
565 2756 659 2794 541.

143 2818 189 2858 In
223 2817 404 2858 Castelia
442 2803 549 2859 liuva
588 2821 629 2858 in
669 2819 836 2873 pascuis
876 2817 926 2858 ad
963 2817 1124 2858 radices
1156 2817 1296 2857 Sierra
1327 2815 1377 2854 de
1412 2813 1692 2854 Guadarrama

36 2887 141 2927 inter
172 2885 387 2927 Colmenar
418 2887 525 2940 vicio
556 2889 598 2927 et
629 2885 787 2929 Chozas
820 2887 999 2941 copiose.
1034 2885 1147 2938 Sept'.
1181 2899 1212 2925 c.
1247 2884 1285 2924 ss.
1319 2886 1358 2923 et
1387 2881 1435 2921 fr.

1374 2957 1425 2994 8*
