1867 3215
145 89 209 134 38

145 220 234 271 bus,
266 217 543 275 leguminibus
575 217 796 272 maJoribus
827 218 952 259 multo
983 221 1116 275 magis
1145 219 1413 273 complanatis
1445 222 1486 258 et
1515 221 1705 261 arcuatis.
1754 221 1787 262 A

145 287 190 328 S.
223 289 377 326 baetico
409 285 472 324 cui
505 283 643 324 habitu
675 283 870 338 foliisque
900 286 1112 339 petiolatis
1143 287 1304 335 similis,
1335 287 1473 326 carina
1489 286 1606 326 valde
1624 280 1790 337 falcata,'

143 355 251 408 stylo
291 353 513 392 circinnato
553 350 796 404 longissimo
838 352 975 392 ciliato
1016 352 1264 406 floribusque
1308 352 1530 406 majoribus
1571 354 1707 393 statim
1736 353 1793 394 di-

145 420 378 474 stinguitur.
440 418 497 458 Ab
537 421 708 473 utraque
747 419 887 472 specie
931 417 1060 459 forma
1089 424 1129 460 et
1161 424 1305 460 natura
1334 418 1524 459 foliorum
1553 418 1705 474 duplici
1735 419 1793 460 di-

144 488 317 527 stinctus
348 488 423 525 est.
1661 522 1668 525 ,

256 555 349 593 234.
413 550 459 592 S.
487 563 678 602 purqans
708 551 859 593 Godr.
893 552 1044 593 Gren.
1075 552 1135 593 Fl.
1170 553 1219 593 de
1248 552 1403 593 France
1433 551 1463 592 1.
1494 567 1533 607 p.
1566 555 1659 595 349.
1693 551 1793 599 (Go-

146 621 254 660 nista
283 631 464 673 purgans
493 617 576 658 Dc.
609 619 815 672 Spartium
848 632 1028 675 purgans
1057 619 1122 667 L.)

256 685 444 726 Abundat
481 686 521 725 in
556 687 670 740 jugis
708 688 859 726 montis
898 688 1087 742 granitici
1119 688 1258 727 Sierra
1299 685 1349 726 de
1381 686 1660 728 Guadarrama
1702 686 1796 729 inde

146 754 196 795 ab
227 754 294 795 alt.
327 754 466 795 5000'.
498 753 611 807 Sept.
644 766 677 793 c.
710 753 860 808 legum.
889 755 985 806 jam.
1019 755 1183 807 apertis.

872 820 1056 860 Geraisca.

252 892 345 931 235.
409 887 457 928 G.
489 889 664 927 horrida
702 886 793 927 Dc.
856 887 1005 942 Spach.
1047 901 1129 928 rev.
1165 888 1266 928 Gen.
1300 901 1337 940 p.
1371 891 1464 929 252.
1494 887 1553 927 Pl.
1585 901 1670 927 exs.
1704 887 1794 928 coll.

147 968 236 997 ven.
268 970 307 998 n.
341 959 436 998 275.

255 1022 300 1063 In
341 1023 544 1078 glareosis
583 1022 706 1061 siccis
745 1022 976 1076 Aragoniae
1016 1022 1263 1075 superioris:
1297 1021 1338 1060 in
1370 1020 1542 1061 collibus
1572 1021 1724 1073 apricis
1755 1022 1795 1061 in

147 1090 253 1129 valle
283 1089 395 1129 fluvii
412 1091 573 1144 Aragon
605 1090 709 1128 inter
725 1088 879 1129 Molino
911 1089 960 1129 de
990 1089 1114 1128 Arres
1145 1092 1185 1127 et
1201 1089 1275 1128 Sta
1300 1087 1456 1128 Lucilia
1486 1087 1537 1127 ad
1566 1088 1637 1132 alt.
1674 1089 1798 1129 1800‘

144 1169 257 1205 ται-ος
291 1156 341 1196 ad
371 1155 530 1196 radices
561 1160 682 1208 atque
713 1156 753 1194 in
785 1168 941 1195 summo
967 1158 1068 1210 Jugo
1099 1156 1248 1194 montis
1276 1155 1389 1196 Pena
1418 1155 1468 1196 de
1494 1155 1613 1196 Oroel
1644 1155 1693 1195 ad
1726 1155 1796 1195 alt.

147 1225 357 1267 3—5000‘
388 1224 567 1277 copiose.
601 1222 697 1263 Jun.
730 1235 762 1263 c.
794 1221 834 1261 ss.

257 1293 352 1332 236.
415 1291 462 1331 G.
493 1291 655 1329 hirsuta
684 1287 866 1329 valui?

256 1357 302 1396 In
334 1358 499 1397 ericetis
528 1356 847 1397 Extremadurae
877 1356 1103 1409 superioris
1133 1355 1314 1409 copiose,
1346 1354 1419 1396 sed
1436 1354 1574 1397 Octob.
1594 1354 1686 1397 defl.
1707 1355 1798 1396 sine

146 1423 314 1464 floribus
344 1423 717 1479 leguminibusque.

262 1495 358 1534 237.
420 1491 466 1531 G.
496 1493 705 1530 erioclaala
733 1489 910 1545 Spach.
942 1490 968 1532 l.
999 1503 1032 1530 c.
1064 1503 1101 1544 p.
1135 1491 1225 1531 264.

260 1559 318 1600 Ad
363 1557 524 1598 radices
570 1559 720 1598 montis
752 1558 892 1598 Sierra
935 1556 985 1597 de
1023 1548 1304 1597 Guadarrama
1349 1568 1477 1611 prope
1523 1556 1563 1596 el
1602 1554 1799 1596 Escorial.

150 1628 266 1682 Sept.
299 1626 391 1667 dess.

262 1692 355 1735 obs.
387 1694 603 1747 Specimen
636 1691 870 1740 floriferum,
905 1691 1012 1746 quod
1043 1704 1065 1731 a
1097 1691 1144 1731 cl.
1173 1690 1396 1731 Graiills
1426 1690 1581 1744 accepi,
1611 1701 1700 1730 cum
1731 1688 1797 1745 ‹le-

147 1762 372 1816 scriptione
402 1759 634 1814 Spachiana
665 1765 807 1800 exacte
838 1761 1036 1814 congruit.

259 1831 355 1870 238.
418 1827 467 1869 G.
499 1829 718 1877 hispanica
746 1826 787 1869 L.
820 1826 955 1881 Spach
986 1827 1011 1866 Ι.
1046 1840 1078 1866 c.
1112 1840 1148 1880 p.
1173 1827 1265 1866 271.
1298 1824 1356 1865 Pl.
1391 1836 1476 1863 exa.
1510 1823 1600 1866 coll.
1632 1836 1724 1864 ven.
1756 1836 1794 1864 n.

149 1900 197 1938 61
232 1901 272 1937 et
301 1898 395 1938 373.

260 1964 306 2003 ln
346 1961 505 2002 fissuris
545 1962 702 2015 rupium
741 1974 868 2015 prope
898 1961 941 2000 S.
973 1959 1192 2000 Sebastian
1223 1962 1345 2012 atque
1375 1959 1415 1998 in
1446 1957 1618 1998 collibus
1649 1958 1798 2012 apricis

149 2044 275 2086 prope
308 2030 475 2080 Bilbao,
516 2029 626 2084 Majo
659 2042 692 2068 c,
724 2027 788 2077 ss.‚
830 2029 870 2067 in
903 2028 1067 2081 pascuis
1106 2028 1255 2066 montis
1288 2027 1401 2066 Pena
1431 2027 1622 2078 Gorveya
1651 2023 1798 2070 (forma

148 2097 400 2137 condensata
444 2097 650 2146 humilis),
690 2095 800 2149 Majo
832 2108 864 2134 c.
898 2094 962 2143 fl.;
1005 2095 1045 2133 in
1077 2094 1280 2148 Aragonia
1308 2094 1521 2146 superiore
1553 2094 1592 2131 in
1624 2093 1797 2132 nemori·

151 2167 227 2206 bus
257 2166 363 2204 inter
393 2164 496 2204 Jaca
525 2167 566 2203 et
596 2167 767 2202 monast.
799 2162 841 2201 S.
873 2160 982 2201 Juan
1013 2160 1062 2200 de
1096 2161 1134 2199 la
1165 2161 1288 2210 Pena,
1317 2160 1401 2200 Jul.
1434 2174 1467 2200 c.
1498 2159 1537 2199 fl.
1568 2163 1609 2199 et
1641 2158 1688 2199 fr.

260 2235 352 2273 239.
415 2231 464 2271 G.
499 2228 702 2279 Scorpius
729 2227 820 2270 Dc,
852 2226 985 2281 Spacb
1015 2227 1039 2267 l.
1073 2241 1105 2267 c.
1139 2240 1220 2267 var.
1252 2229 1581 2279 campylocarpa.
1615 2226 1674 2266 Pl.
1709 2239 1794 2265 exs.

150 2298 240 2338 coll.
275 2311 362 2337 ven.
397 2311 432 2337 n.
464 2299 555 2336 232.

262 2364 319 2404 Ad
361 2363 524 2404 fluvium
557 2364 663 2416 Arga
701 2374 827 2416 prope
858 2373 1003 2416 pagum
1037 2361 1161 2401 Olave
1192 2361 1231 2399 in
1263 2361 1442 2401 Navarra
1472 2359 1521 2400 ad
1553 2360 1621 2399 alt.
1657 2360 1794 2401 1478‘.

150 2432 274 2475 Junio
315 2447 348 2472 c.
392 2432 530 2480 fruct.;
573 2430 740 2481 copiose
781 2428 831 2468 ad
870 2428 1030 2469 radices
1070 2429 1219 2467 montis
1249 2429 1362 2468 Pena
1400 2427 1448 2467 de
1480 2427 1597 2467 Oroel
1637 2426 1686 2466 ad
1726 2426 1795 2466 alt.

152 2502 287 2543 3000&
321 2500 415 2540 Jun.
447 2513 480 2538 c.
514 2498 599 2537 flor.

264 2567 356 2607 Oba.
419 2565 562 2606 Differt
603 2577 626 2603 a
666 2563 804 2616 specie
844 2562 1117 2618 leguminibus
1157 2560 1274 2600 valde
1304 2561 1482 2600 arcuatis
1513 2560 1796 2614 polyspermis.

152 2635 301 2675 Frutex
334 2633 665 2674 intricatissimus
695 2631 1018 2681 spinosissimas.

263 2705 354 2741 240.
417 2699 462 2738 G.
500 2697 728 2746 teretifolia
759 2708 798 2736 n.
831 2709 889 2744 ⁸1).
949 2696 1190 2743 Fruticosa,
1231 2695 1420 2740 inermis,
1451 2694 1619 2734 ramulis
1649 2695 1798 2733 erectis

155 2769 346 2812 sulcatis,
387 2767 497 2806 soliis
529 2764 789 2816 exstipulatis
819 2763 1095 2815 simplicibus,
1133 2760 1391 2800 inferioribus
1423 2759 1696 2809 fascizulatis,
1733 2773 1797 2799 su-

105 2869 115 2883 ,
157 2835 384 2887 perioribus
425 2832 620 2871 solitariis
661 2830 854 2878 alternis,
896 2829 1082 2868 omnibus
1122 2827 1338 2867 sessilibus
1379 2828 1566 2881 angustis
1607 2826 1799 2866 involutis

160 2900 459 2948 subteretibus3
505 2898 671 2938 floribus
701 2897 897 2937 solitariis
927 2895 1163 2938 axillaribus
1194 2893 1243 2934 ad
1274 2894 1514 2934 ramulorum
1547 2893 1798 2934 novellorum
