1867 3215
1642 68 1706 112 83·

170 191 262 231 537,
323 189 353 230 l.
386 190 548 229 viscosa
580 188 676 230 Ait.
709 189 818 231 Dec.
852 190 915 231 Pr.
946 191 993 231 V.
1027 204 1062 245 p.
1094 193 1259 235 470.—
1278 189 1338 233 Pl.
1370 204 1456 232 exs.
1487 192 1578 233 coll.
1612 205 1703 236 ven.

58 266 96 294 n.
128 258 220 297 558.

169 323 214 362 ln
245 326 434 364 arenosis
464 322 654 372 humidis,
686 324 726 361 in
757 324 934 363 rivorum
965 325 1122 375 alveis,
1154 326 1205 366 ad
1221 326 1448 366 ‘fluviorum
1478 327 1589 378 ripas
1619 338 1706 367 are·

59 403 182 430 nosas
213 393 338 431 totius
356 392 567 446 Hispaniae
600 391 855 430 australioris
887 392 980 431 inde
1010 393 1060 432 ab
1091 394 1159 433 alt.
1193 394 1291 434 500‘
1321 405 1451 446 usque
1481 391 1532 431 ad
1555 395 1702 433 300οἐ

56 460 96 497 in
128 458 301 498 vallibus
335 461 528 498 montium
563 458 862 497 valentinorum
894 466 949 505 (ν.
981 473 1014 498 c.
1048 473 1175 513 prope
1207 460 1414 514 Segorbe,
1448 459 1621 510 Chim),
1654 460 1703 500 ad

55 525 166 564 rivos
198 525 404 565 Serraniae
436 526 484 566 de
516 526 690 572 Caenea,
724 538 846 564 secus
876 525 1035 565 radices
1065 527 1230 568 Sierrae
1260 527 1311 568 de
1340 527 1631 578 Guadarrama‚
1660 530 1701 568 in

57 592 162 632 valle
194 592 298 647 Tagi
330 606 455 647 prope
487 593 691 643 Toletum,
723 594 762 632 in
797 592 903 631 valle
934 592 1045 632 fluvii
1075 593 1193 635 Jerte
1223 608 1348 648 prope
1377 594 1592 635 Plasencia
1622 600 1699 636 etc.

53 660 154 717 Aug.
188 660 302 713 Sept.
336 674 368 700 c.
400 660 485 700 flor.

163 732 254 770 538.
314 725 347 767 1.
375 730 617 776 ,qraveolens
647 728 790 768 Desf.
850 725 960 768 Dec.
1003 727 1029 767 l.
1062 741 1095 767 c.
1124 741 1160 781 p.
1190 732 1285 771 468.
1315 753 1370 762 —·
1400 729 1459 770 ΡΙ.
1491 743 1576 773 exS.
1606 730 1699 771 coll.

51 809 140 837 ven.
174 811 212 837 n.
245 801 338 839 560.

162 864 207 904 ln
234 864 527 905 Extremadura
556 863 770 917 superiore
800 864 839 903 in
870 864 983 917 agris
1018 860 1194 902 desertis
1225 864 1412 903 arenosis
1442 865 1549 904 circa
1577 864 1702 905 easa-

51 931 200 987 tejada,
232 932 360 983 Torss,
391 931 648 987 Malpartida.
680 931 762 970 Oct.
796 945 829 972 c.
862 930 947 972 flor.

773 995 968 1039 Jasonia.

159 1070 252 1109 539.
312 1064 357 1107 J.
385 1070 598 1121 qlutinosa
627 1066 711 1109 DC.
742 1067 769 1105 l.
802 1079 836 1106 c.
867 1066 916 1106 V.
949 1079 985 1119 p.
1018 1068 1113 1108 4762
1155 1089 1207 1096 -
1252 1065 1312 1106 Pl.
1354 1079 1440 1107 exs.
1482 1067 1574 1110 coll.
1606 1080 1694 1109 ven.

45 1146 82 1174 n.
115 1137 207 1176 479.
242 1133 533 1188 (Chrysocoma
566 1135 774 1175 verticalis
804 1132 904 1191 Lag.
937 1146 1027 1174 nov.
1059 1146 1152 1187 gen.
1183 1147 1243 1188 sp.
1277 1146 1315 1174 n.
1347 1137 1461 1181 330.)

155 1201 201 1241 In
240 1202 516 1256 rupestribus,
556 1203 784 1257 glareosis,
822 1200 1026 1242 ruderatis
1064 1201 1290 1255 Hispaniae
1327 1202 1607 1242 australioris:
1648 1201 1699 1243 ad

46 1282 170 1324 rupes
210 1270 420 1310 calcareas
460 1282 586 1323 prope
626 1282 774 1326 pagum
805 1267 1205 1309 Prados-Redomlos
1234 1274 1275 1309 et
1305 1282 1434 1324 prope
1465 1269 1629 1310 Cuenca
1658 1271 1698 1310 in

48 1336 228 1377 Castella
258 1349 387 1386 nova,
418 1337 524 1377 inter
554 1335 695 1378 Jerica
725 1342 766 1377 et
793 1336 978 1392 Segorbe
1009 1337 1050 1375 in
1080 1348 1208 1392 regno
1239 1336 1463 1387 valentino,
1495 1337 1536 1377 in
1566 1337 1700 1393 gradi-

45 1403 123 1445 bus
153 1403 301 1443 theatri
333 1405 488 1457 antiqui
518 1405 737 1459 Saguntini
771 1417 897 1458 prope
927 1403 1173 1443 Murviedro.
1203 1403 1288 1444 Jul.
1320 1404 1421 1459 Aug.
1451 1417 1483 1445 c.
1516 1404 1604 1446 flor.

52 1464 57 1468 ’
157 1473 250 1512 540.
311 1469 352 1511 J.
385 1474 580 1512 tuber-osa
610 1471 700 1512 DC.
731 1471 757 1510 l.
790 1484 822 1510 c.
853 1493 902 1498 —-
935 1470 995 1512 Pl.
1025 1483 1109 1510 exs.
1140 1470 1229 1510 coll.
1261 1483 1352 1511 ven.
1384 1484 1421 1510 n.
1454 1474 1548 1513 532.

153 1536 199 1578 In
230 1538 441 1594 argillosis
469 1539 763 1591 sterilibusque
778 1537 1007 1591 Hispaniae
1034 1539 1314 1578 australioris:
1347 1539 1387 1578 in
1420 1540 1625 1595 Aragonia
1654 1541 1695 1580 in

46 1607 275 1660 margaceis
318 1606 443 1646 aridis
486 1607 592 1646 inter
620 1606 725 1647 Jaca
763 1610 805 1645 et
834 1606 876 1647 S.
909 1605 1019 1645 Juan
1059 1605 1109 1645 de
1145 1605 1185 1645 la
1222 1606 1357 1656 Pena3
1403 1607 1443 1646 in
1489 1607 1694 1648 montibus

43 1687 168 1727 prope
198 1672 324 1713 Chiva
354 1674 395 1713 iu
427 1686 553 1728 regno
585 1673 790 1713 valentino
822 1673 1002 1725 passim,
1048 1673 1088 1712 in
1119 1674 1523 1730 arenoso-argillosis
1554 1675 1694 1716 Serra-

43 1743 135 1780 niae
165 1740 215 1781 de
244 1740 428 1790 Caenea,
461 1742 683 1795 praecipue
713 1741 820 1780 inter
852 1752 984 1795 pagos
1015 1740 1244 1780 Cardenete
1272 1744 1313 1781 et
1344 1741 1599 1782 Carboneras
1629 1755 1695 1782 co-

43 1809 173 1861 piose.
212 1808 313 1863 Aug.
348 1822 381 1847 c.
413 1808 500 1848 flor.
541 1807 585 1847 ln
617 1809 756 1848 Sierra
786 1807 836 1847 de
868 1806 1147 1847 Guadarrama
1177 1820 1304 1863 prope
1333 1810 1624 1850 monasterium
1655 1810 1694 1850 el

45 1872 203 1917 Paular.
234 1876 348 1929 Sept.
381 1874 470 1915 defl.

757 1941 992 1983 Puzzcaria.

151 2012 244 2050 541.
304 2008 355 2049 Ρ.
387 2012 650 2061 dysenterica
680 2010 857 2051 Gfirtn.

154 2076 212 2116 Ad
229 2075 364 2116 fossas
381 2078 487 2116 inter
504 2075 627 2117 viver
657 2082 698 2118 et
714 2076 854 2119 Jerica
885 2082 925 2118 et
957 2077 1054 2117 alibi
1084 2079 1125 2117 in
1156 2090 1284 2133 regno
1314 2078 1535 2127 valentino,
1569 2081 1691 2121 etiam

43 2144 84 2182 in
117 2145 320 2198 Aragonia
351 2148 390 2183 et
422 2143 602 2184 Castella
632 2158 750 2188 nova.
780 2145 866 2186 Jul.
901 2147 998 2200 Aug.
1031 2158 1063 2184 c.
1094 2144 1181 2184 flor.

154 2214 243 2252 542.
308 2209 356 2251 P.
389 2214 562 2251 arabica
593 2212 735 2252 Cass.
768 2214 877 2253 Dec.
910 2214 973 2253 Pr.
1007 2214 1054 2252 V.
1087 2227 1125 2266 p.
1157 2214 1252 2254 478.

17 2326 20 2329 Ι
154 2278 210 2317 Ad
243 2279 352 2328 vias,
385 2280 425 2318 in
456 2279 658 2319 ruderatis
687 2282 979 2334 sterilibusque
1013 2280 1219 2320 castellae
1249 2292 1380 2319 novae
1412 2283 1453 2319 et
1486 2279 1690 2322 Extrema-

43 2345 168 2385 durae
197 2347 299 2385 satis
330 2348 510 2401 copiose,
543 2361 576 2386 v.
610 2363 642 2388 c.
676 2350 783 2389 circa
801 2348 1006 2397 Toletum,
1038 2347 1242 2388 Talavera
1274 2346 1325 2386 de
1353 2347 1392 2387 la
1409 2348 1568 2400 Reyna,
1601 2349 1691 2388 Pla-

45 2414 196 2452 sencia.
231 2414 313 2453 Oct.
349 2429 381 2453 c.
414 2413 499 2453 flor.
533 2413 580 2454 fr.

706 2482 1018 2534 Helichrysnm.

153 2550 246 2588 543.
310 2547 365 2586 H.
401 2547 602 2587 stoechas
632 2550 756 2590 Dec.
791 2552 854 2590 Pr.
891 2551 957 2591 VI.
991 2566 1029 2606 p.
1065 2554 1155 2593 182.

151 2614 197 2652 In
237 2617 464 2669 margaceis
505 2617 628 2656 aridis
670 2619 776 2657 inter
807 2617 985 2659 Liedena
1025 2623 1065 2659 et
1094 2620 1203 2660 Yesa
1242 2619 1282 2657 in
1312 2618 1504 2658 Navarra.
1566 2619 1690 2660 Junio

46 2695 78 2720 c.
112 2680 197 2720 flor.

159 2751 250 2789 544.
319 2748 374 2788 Η.
408 2754 640 2791 serotinum
670 2753 844 2793 Boiss.
876 2767 966 2807 voy.
998 2754 1094 2809 Esp.
1127 2769 1162 2808 p.
1193 2758 1286 2796 327.
1328 2754 1447 2793 Gran.
1481 2754 1601 2793 Godr.
1630 2755 1691 2794 ΕΙ.

44 2815 110 2854 Fr.
143 2815 194 2854 11.
228 2829 264 2868 p.
303 2818 391 2856 184.
425 2842 477 2848 —
509 2819 565 2859 Pl.
598 2834 682 2860 exs.
719 2821 808 2860 coll.
843 2834 930 2861 ven.
966 2836 1002 2865 n,
1034 2826 1125 2864 473.
1159 2822 1227 2870 (Η.
1260 2823 1487 2861 serotinum
1519 2835 1554 2859 α.
1590 2825 1692 2862 occi-

46 2883 210 2924 dentale
243 2883 373 2923 Boiss.
408 2885 432 2927 l.
464 2891 516 2929 cs)

1388 2966 1457 3002 ψ
