1867 3215
125 107 189 151 52

238 233 332 273 obs.
395 231 453 272 cl.
484 230 733 270 Boissier
764 232 804 270 in
836 230 937 283 Voy.
970 232 1049 274 bot.
1074 233 1168 286 Esp.
1202 233 1324 273 Flore
1354 244 1392 285 p.
1425 232 1517 273 213.
1547 229 1650 271 hanc
1679 243 1773 286 spe·
1829 269 1835 272 ,

129 302 230 340 ciem
249 313 336 339 cum
356 298 605 347 Lfleoeuoso
622 296 735 352 Lag.
756 300 979 354 conjungit.
1016 300 1097 339 Sed
1116 301 1414 351 Lfleoeuosum
1443 311 1466 337 e
1497 297 1773 351 descriptione
1831 340 1854 356 F

58 364 69 375 *
129 367 288 421 quidem
321 371 426 413 (nov.
460 378 552 419 gen.
583 378 644 418 sp.
678 365 702 403 l.
736 370 790 410 c.)
820 366 1028 417 calycibus
1059 366 1280 407 fructiferis
1310 367 1644 404 horizontalibus
1668 377 1691 404 a
1722 364 1771 404 L.

128 435 381 480 acutunyulo
413 432 643 483 ceterisque
688 432 906 484 speciebus
950 432 1073 472 flores
1117 435 1310 473 axillares
1355 432 1597 487 gerentibus
1626 429 1772 471 differt.

129 500 365 555 Specimina
395 498 612 553 originalia
643 496 691 537 L.
720 499 902 548 flexuosi
931 513 1010 538 non
1044 500 1137 540 vidi.

770 564 1121 616 Tamna-iscineae.

237 637 329 675 352.
393 632 606 671 Tamarioe
631 635 783 685 yallica
814 632 858 672 L.
892 634 949 673 ΡΙ.
984 648 1069 674 ers.
1100 634 1189 675 coll.
1219 646 1310 674 ven.
1343 646 1381 672 n.
1414 636 1479 674 52.

239 701 296 741 Ad
327 701 438 754 ripas
467 699 578 740 fluvii
610 699 812 740 Bidassoa
843 714 967 754 prope
998 702 1131 750 Yrun,
1174 703 1214 740 in
1245 700 1350 739 valle
1382 700 1431 739 de
1462 699 1618 752 Loyola
1644 711 1773 752 prope

133 769 178 808 S.
211 769 452 816 Sebastiam
495 766 747 805 in‘liumidis
787 768 989 807 subsalsis
1026 782 1152 822 prope
1183 768 1327 808 Bilbao
1359 771 1399 806 et
1430 767 1528 806 alibi
1560 767 1599 805 in
1632 766 1777 806 Canta-

128 837 228 876 bria.
259 835 370 890 Majo
401 849 434 874 c.
466 833 505 873 ss.
539 834 618 875 Per
647 838 772 873 totam
803 834 1056 888 Hispaniam.

794 902 1112 952 Myr-taceae.

242 973 335 1011 353.
395 968 562 1021 Myrtus
591 972 822 1007 communis
854 968 896 1010 L.
955 969 1013 1009 Pl.
1046 983 1129 1008 exs.
1164 969 1254 1008 coll.
1288 981 1376 1008 ven.
1410 982 1448 1007 n.
1482 971 1575 1009 512.

240 1036 287 1076 In
327 1036 503 1076 dumetis
542 1049 668 1090 prope
698 1036 928 1076 Valentiam
968 1036 1055 1076 loco
1097 1037 1136 1075 la
1164 1035 1330 1076 Dehesa
1361 1037 1466 1074 inter
1496 1036 1627 1075 lacum
1658 1033 1777 1074 Albu-

127 1103 217 1145 fera
246 1108 287 1144 et
318 1116 440 1144 mare.
473 1104 572 1157 Aug.
603 1116 635 1142 c.
668 1101 716 1143 fr.

733 1167 1176 1208 Cucurbilaceae.

238 1240 332 1278 354.
362 1236 584 1288 ‘Bryonia
611 1239 746 1275 dioica
777 1236 921 1289 chu.
956 1237 1013 1276 Pl.
1046 1250 1130 1276 exs.
1165 1237 1255 1277 coll.
1287 1249 1377 1276 ven.
1408 1249 1446 1274 n.
1479 1237 1571 1277 228.

242 1303 288 1343 In
327 1305 495 1358 sepibus
533 1317 661 1358 prope
702 1316 847 1356 pagum
881 1303 1006 1343 Olave
1047 1308 1086 1342 et
1125 1304 1221 1342 alibi
1252 1305 1291 1342 in
1323 1303 1524 1352 Navarra,
1571 1303 1692 1342 etiam
1738 1303 1778 1341 in

133 1371 351 1412 Cantabria
379 1375 420 1410 et
448 1372 652 1424 Aragonia
684 1373 908 1424 superiore.
941 1371 1066 1411 Junio
1100 1385 1130 1411 c.
1163 1371 1201 1410 ss.

245 1441 338 1479 355.
399 1436 620 1476 Erbalium
651 1436 889 1476 Elacerium
919 1437 1052 1477 Rich.
1087 1436 1352 1481 (Momordica
1382 1435 1602 1475 Elaterium
1635 1434 1698 1481 1..)

245 1504 432 1545 Abundat
461 1505 502 1543 in
534 1505 646 1558 agris
677 1504 905 1559 argillosis,
937 1504 1138 1544 ruderatis
1169 1504 1460 1556 sterilibusque
1489 1503 1680 1542 Castellae
1712 1515 1783 1542 no-

133 1585 210 1612 vae
240 1584 276 1611 v.
310 1585 343 1610 c.
375 1573 480 1610 inter
510 1570 726 1611 madritum
758 1575 797 1610 et
829 1570 1043 1618 Toletum;
1076 1595 1123 1603 —-
1159 1585 1230 1624 per
1262 1575 1386 1610 totam
1414 1571 1654 1624 Hispaniam
1688 1584 1781 1611 cen·
1819 1562 1822 1563 ⁷

131 1638 274 1678 tralem
306 1642 348 1678 et
374 1638 670 1678 australiorem.
705 1638 788 1677 Oct.
822 1650 854 1677 c.
887 1636 924 1679 fl.
955 1642 995 1677 et
1024 1637 1070 1677 fr.
1124 1660 1141 1672 =

735 1702 1183 1744 Porcucacaceae.

246 1775 338 1814 356.
399 1770 562 1811 Montio
592 1773 793 1810 rivularis
822 1770 979 1813 Gmel.
1042 1771 1162 1811 Godr.
1206 1772 1329 1811 Gren.
1369 1772 1394 1812 l.
1428 1785 1460 1811 c.
1494 1785 1531 1825 p.
1564 1773 1659 1813 606.
1719 1771 1779 1811 ΡΙ.

133 1852 219 1879 exs.
253 1839 341 1879 coll.
375 1852 462 1880 ven.
493 1852 531 1878 n.
563 1842 655 1879 411.
1228 1880 1231 1881 γ

245 1904 290 1944 In
332 1906 475 1945 rivulis
519 1904 698 1958 limpidis
737 1900 785 1943 in*
809 1904 936 1944 latere
966 1907 1211 1959 aragonensi
1242 1907 1390 1945 montis
1421 1905 1560 1945 Sierra
1590 1904 1639 1945 de
1669 1903 1783 1946 Mon-

136 1985 250 2026 cayo.
283 1972 366 2012 Jul.
397 1986 430 2012 c.
465 1972 503 2013 fl.
536 1976 575 2011 et
606 1971 652 2012 fr.

251 2042 346 2080 357.
409 2039 576 2092 Orceqia
608 2041 825 2090 hispanica
857 2038 897 2078 L.
933 2039 1027 2078 Cav.
1060 2039 1114 2078 lc.
1147 2038 1177 2077 l.
1209 2043 1233 2078 t.
1266 2043 1329 2081 47.

250 2106 308 2146 Ad
339 2107 547 2160 margines
588 2107 680 2145 viae
710 2107 852 2160 regiae
882 2106 1143 2145 madritensis
1175 2120 1300 2159 prope
1330 2106 1585 2146 Salamanca.
1644 2105 1783 2148 octob.

135 2187 167 2212 c.
198 2171 315 2213 fruct.

712 2238 1201 2291 Paronychiaceae.

822 2305 1097 2357 Polycarpon.

248 2373 340 2412 358.
404 2370 452 2409 P.
487 2374 773 2422 letraphyllum
803 2372 846 2412 L.
880 2372 933 2412 sil.
975 2374 1096 2412 Gren.
1131 2373 1251 2412 Godr.
1285 2374 1309 2412 l.
1344 2387 1376 2412 c.
1411 2388 1446 2426 p.
1478 2377 1569 2416 607.
1603 2374 1659 2414 Pl.
1694 2388 1778 2414 exs.

137 2438 227 2476 coll.
261 2451 350 2477 ven.
383 2439 522 2477 select.
557 2452 593 2480 n.
625 2443 688 2480 57.
722 2452 756 2479 a.

246 2504 292 2544 ln
323 2506 449 2544 muris
479 2505 681 2544 umbrosis
711 2519 835 2559 prope
868 2506 1008 2545 Bilbao
1040 2507 1127 2546 loco
1160 2507 1289 2546 Paseo
1320 2506 1370 2546 de
1401 2507 1463 2546 las
1494 2508 1638 2547 Canas.
1671 2507 1812 2560 Majo'

137 2584 169 2608 c.
203 2570 241 2612 ss.

831 2627 953 2676 Tezep
958 2629 979 2664 Ιι
987 2630 1001 2666 i
1005 2640 1028 2666 u
1033 2640 1068 2666 m
1075 2658 1082 2666 .

252 2682 346 2720 359.
410 2677 460 2718 T.
495 2678 692 2729 Imperace'
723 2681 765 2721 L.

251 2734 297 2773 ln
338 2737 526 2774 arenosis
565 2738 841 2777 subint—torum
884 2739 989 2777 inter
1019 2738 1235 2779 l'ozondon
1276 2743 1316 2778 et
1349 2739 1473 2780 Celda
1513 2741 1550 2781 in
1582 2741 1785 2795 Aragonia

140 2789 320 2829 australi.
351 2791 450 2844 Aug.
485 2804 517 2830 c.
550 2791 667 2831 fruct.

821 2847 1107 2897 Speryulnria.

256 2899 332 2946 (Cf.
366 2900 499 2941 Boiss.
534 2902 636 2954 Voy.
670 2900 765 2956 Esp.
799 2904 929 2956 suppl.
965 2919 1001 2957 p.
1033 2907 1150 2949 722.)
