1867 3215
1656 67 1721 113 73

691 189 1100 244 Compostcae.*]

143 297 145 299 ,
781 258 1021 312 Tussilaqo.

190 324 284 364 484.
348 321 399 366 Τ.
430 323 624 373 Farfara
653 322 699 366 L.

49 438 51 444 ,
190 388 303 429 Inter
333 390 489 441 lapides
527 392 576 431 ad
607 392 813 445 margines
844 394 934 432 viae
963 392 1106 446 regiae
1136 391 1384 434 intererun
1413 396 1456 433 et
1485 393 1570 434 San
1599 393 1724 434 Selia«

78 456 187 496 stian
217 460 258 496 et
288 457 386 497 alibi
416 458 457 498 in
488 457 717 501 Cantabria.
747 458 857 513 Majo
888 458 981 497 defl.

794 524 1005 573 solwaqo.

190 594 285 633 485.
346 591 392 632 S.
431 591 555 646 Virqu
595 604 727 632 aurea
764 591 807 633 L.
878 592 1026 632 Forma
1065 592 1248 647 vulgaris
1287 591 1361 633 sed
1391 592 1502 633 foliis
1539 595 1729 648 utrinque

80 657 248 712 glabris.
308 659 368 699 Pl.
400 673 484 701 exs.
518 660 607 700 coll.
640 672 729 699 ven.
763 673 802 699 n.
833 664 926 701 216.

191 724 238 765 In
278 727 482 779 glareosis
513 727 710 767 calcareis
740 729 892 781 apricis
921 728 962 766 in
993 727 1101 767 valle
1131 726 1244 767 fluvii
1274 725 1477 768 Biclassoa
1506 741 1632 782 supra
1661 741 1730 781 pa-

81 804 177 847 gum
208 792 314 834 Bera
344 795 385 833 in
416 794 596 834 Navarra
622 808 727 834 raro.
759 795 885 835 Junio
917 809 950 834 c.
983 793 1071 834 flor.

775 862 1039 916 Pltaynalon.

196 931 289 970 486.
351 928 401 970 Ρ.
433 932 649 969 sordidum
678 929 806 970 Dec.
867 929 1005 971 Prodr.
1047 929 1095 977 V.
1134 943 1171 983 p.
1213 931 1308 971 396.
1340 951 1394 961 —
1432 929 1493 973 Pl.
1523 942 1609 969 exs.
1641 930 1731 971 coll.

85 1008 174 1036 ven.
205 1010 242 1037 n.
275 999 338 1037 93.

196 1062 242 1102 In
271 1065 398 1104 muris
426 1067 666 1119 rupiumque
696 1063 857 1105 fissuris
888 1064 1133 1105 Cantabriae
1163 1065 1342 1118 passim:
1382 1064 1423 1103 in
1454 1064 1580 1104 muris
1610 1076 1735 1117 prope

84 1131 250 1178 Tolosa,
281 1132 551 1182 Villafranea,
584 1134 759 1181 0tanes3
796 1134 835 1172 in
865 1132 1034 1186 rupibus
1064 1133 1214 1171 montis
1244 1131 1420 1172 calcarei
1451 1131 1548 1172 Pico
1580 1130 1630 1171 de
1660 1132 1734 1171 Sa-

84 1202 223 1237 rantes
251 1212 379 1252 prope
408 1199 552 1238 Bilbao
584 1201 763 1253 copiose.
801 1199 910 1254 [ilajo
941 1199 1115 1239 nondum
1147 1198 1311 1242 florens.

197 1268 288 1307 487.
351 1265 400 1309 Ρ,
432 1270 613 1306 saoeacile
644 1267 786 1307 Cass.
821 1267 928 1307 Dec.
961 1268 985 1308 l.
1019 1281 1053 1308 c.
1287 1264 1297 1279 ¹

195 1333 239 1372 In
280 1331 442 1373 fissuris
479 1336 638 1388 rupium
680 1335 953 1374 calcarearum
995 1348 1123 1388 prope
1153 1333 1340 1389 Segorhe
1369 1335 1410 1373 in
1442 1346 1570 1388 regno
1602 1333 1737 1373 valen-

88 1401 185 1441 tino.
218 1401 318 1455 Aug.
351 1399 442 1440 defi.

199 1470 293 1509 488.
354 1467 435 1509 Ph.
467 1466 683 1517 Laqasoae
713 1468 805 1509 Dc.
839 1469 863 1508 l.
899 1483 932 1508 c.

200 1535 247 1575 In
278 1536 447 1588 rupibus
477 1538 690 1590 graniticis
721 1538 762 1577 in
793 1536 900 1576 valle
930 1536 1044 1577 fluvii
1068 1536 1187 1578 Jerte
1218 1551 1347 1592 prope
1364 1537 1582 1579 Plasencia
1610 1537 1652 1576 in
1668 1535 1743 1578 Ex—

88 1602 331 1644 tremadura.
365 1604 449 1644 Oct.
482 1603 574 1645 defi.

131 1711 134 1713 Α
814 1670 1040 1726 ΕΥἱρενοη.

200 1742 293 1781 489.
352 1737 405 1779 Ε.
438 1741 686 1779 canadensz's
714 1739 758 1779 L.

200 1807 248 1847 In
292 1807 480 1856 arenosis
522 1819 649 1860 prope
688 1807 812 1861 Bejar
850 1808 892 1846 in
934 1805 1142 1847 montibus
1185 1806 1292 1846 inter
1328 1804 1663 1848 Extremaduram
1700 1807 1744 1844 et

91 1887 261 1930 regnum
293 1874 554 1928 Legionense
585 1874 690 1914 sitis.
724 1874 860 1914 Octob.
895 1887 929 1913 c.
960 1873 1047 1913 flor.
1081 1876 1122 1912 et
1151 1872 1199 1914 fr.

204 1945 298 1984 490.
358 1940 413 1981 Ε.
445 1953 542 1980 acre
571 1940 616 1980 L.

207 2008 253 2048 ln
284 2010 471 2049 arenosis
507 2007 709 2061 cultisque
746 2019 874 2060 prope
905 2005 1064 2047 Chozas
1093 2003 1144 2044 ad
1173 2003 1334 2045 radices
1365 2004 1531 2045 Sierrae
1559 2004 1610 2045 de
1639 2004 1747 2046 Gua-

96 2075 283 2117 darrama
312 2080 434 2128 atque
464 2089 591 2130 prope
622 2075 914 2114 monasterium
947 2074 1021 2113 Sta
1050 2072 1181 2113 Maria
1210 2071 1277 2112 del
1306 2070 1468 2115 Paular.
1498 2073 1614 2127 Sept.
1644 2085 1677 2112 c.
1706 2071 1748 2112 fl.

856 2141 993 2181 Ascer.

209 2212 300 2251 491.
360 2208 411 2249 Α.
442 2212 716 2260 arayonensis
746 2210 788 2252 G.
818 2209 867 2249 H.
900 2207 1113 2249 Schultz
1144 2207 1236 2261 Bip.

214 2289 252 2316 οι.
284 2277 415 2317 Foliis
453 2278 700 2318 radicalibus
742 2278 935 2331 integris:
977 2277 1020 2316 Α.
1052 2275 1323 2330 aragonensis
1359 2274 1463 2314 Asso
1493 2273 1594 2326 Syn.
1635 2273 1749 2327 stirp.

294 2345 413 2400 Arag.
446 2344 671 2393 (Galatella
700 2344 972 2399 aragonensis
1003 2342 1048 2381 N.
1082 2343 1131 2382 ab
1162 2342 1228 2389 E.)

212 2410 352 2450 Sierra
381 2411 431 2451 de
456 2412 733 2452 Guadarrama
764 2414 870 2451 inter
900 2410 1070 2450 frutices
1100 2423 1224 2464 supra
1252 2409 1545 2449 monasterium
1578 2408 1617 2448 el
1647 2408 1752 2449 Pau-

54 2480 59 2483 “
100 2474 160 2517 lar
190 2478 232 2517 in
263 2477 465 2520 adscensu
495 2478 546 2519 ad
575 2480 725 2520 Puerto
756 2478 806 2518 de
837 2475 1067 2528 Reventc'm,
1102 2476 1153 2517 ad
1182 2474 1252 2517 alt.
1283 2490 1316 2517 c.
1348 2476 1475 2517 5000‘
1498 2487 1604 2516 raro.
1637 2475 1751 2529 Sept.

102 2557 136 2585 c.
169 2543 255 2584 flor.

214 2612 258 2661 β.
291 2610 422 2650 Foliis
461 2612 706 2652 radicalibus
745 2612 1070 2666 paucidentatis:
1110 2612 1156 2653 A.
1196 2611 1440 2653 lusitanicus
1480 2608 1591 2650 Brot.
1636 2609 1754 2663 Phyt,

300 2666 524 2717 (Galatella
555 2669 773 2708 lusitanica
802 2669 849 2707 N.
881 2670 930 2707 ab
961 2668 1026 2714 E.)

218 2723 412 2772 Serrania
440 2722 490 2762 de
523 2723 707 2774 Caenea,
749 2725 790 2763 in
830 2724 1017 2764 arenosis
1056 2723 1288 2777 pinetorum
1319 2722 1426 2762 inter
1456 2719 1684 2761 Cardenete
1714 2723 1756 2760 et

105 2777 362 2818 Carboneras
390 2790 494 2818 raro.
526 2780 626 2834 Aug.
659 2793 692 2819 c.
724 2778 810 2821 flor.

126 2881 160 2929 *J
189 2886 468 2933 Compositarum
496 2885 605 2932 longe
630 2888 797 2932 plurimas
824 2886 1070 2923 determinavit
1095 2886 1138 2925 cl.
1163 2888 1201 2922 C.
1230 2887 1273 2920 H.
1300 2883 1507 2928 Schultz,
1531 2882 1758 2930 Bipontinus·

1481 2949 1523 2984 10
