<?xml version="1.0" encoding="UTF-8"?>
<!DOCTYPE html PUBLIC "-//W3C//DTD XHTML 1.0 Transitional//EN"
    "http://www.w3.org/TR/xhtml1/DTD/xhtml1-transitional.dtd">
<html xmlns="http://www.w3.org/1999/xhtml" xml:lang="en" lang="en">
 <head>
  <title>
</title>
<meta http-equiv="Content-Type" content="text/html;charset=utf-8" />
  <meta name='ocr-system' content='tesseract 3.04.00' />
  <meta name='ocr-capabilities' content='ocr_page ocr_carea ocr_par ocr_line ocrx_word'/>
</head>
<body>
  <div class='ocr_page' id='page_1' title='image "./sertumfloraehisp00will_0035.png"; bbox 0 0 1867 3215; ppageno 0'>
   <div class='ocr_carea' id='block_1_1' title="bbox 1640 57 1704 102">
    <p class='ocr_par' dir='ltr' id='par_1_1' title="bbox 1640 57 1704 102">
     <span class='ocr_line' id='line_1_1' title="bbox 1640 57 1704 102; baseline 0.016 -1"><span class='ocrx_word' id='word_1_1' title='bbox 1640 57 1704 102; x_wconf 78' lang='lat'><strong>2⁷</strong></span> 
     </span>
    </p>
   </div>
   <div class='ocr_carea' id='block_1_2' title="bbox 42 180 1772 2657">
    <p class='ocr_par' dir='ltr' id='par_1_2' title="bbox 57 180 1704 317">
     <span class='ocr_line' id='line_1_2' title="bbox 57 180 1704 240; baseline -0.004 -12"><span class='ocrx_word' id='word_1_2' title='bbox 57 191 118 228; x_wconf 91' lang='lat' dir='ltr'><strong>ter</strong></span> <span class='ocrx_word' id='word_1_3' title='bbox 150 184 368 227; x_wconf 70' lang='lat' dir='ltr'><strong>Pozondfm</strong></span> <span class='ocrx_word' id='word_1_4' title='bbox 400 189 440 227; x_wconf 87' lang='lat' dir='ltr'><strong>et</strong></span> <span class='ocrx_word' id='word_1_5' title='bbox 457 185 582 227; x_wconf 78' lang='lat' dir='ltr'><strong>Gelda</strong></span> <span class='ocrx_word' id='word_1_6' title='bbox 612 187 652 226; x_wconf 91' lang='lat' dir='ltr'><strong>in</strong></span> <span class='ocrx_word' id='word_1_7' title='bbox 671 186 789 240; x_wconf 89' lang='lat' dir='ltr'><strong>Arag.</strong></span> <span class='ocrx_word' id='word_1_8' title='bbox 822 187 947 226; x_wconf 86' lang='lat' dir='ltr'><strong>austr.</strong></span> <span class='ocrx_word' id='word_1_9' title='bbox 979 181 1028 223; x_wconf 81' lang='lat' dir='ltr'><strong>ad</strong></span> <span class='ocrx_word' id='word_1_10' title='bbox 1060 182 1128 223; x_wconf 84' lang='lat' dir='ltr'><strong>alt.</strong></span> <span class='ocrx_word' id='word_1_11' title='bbox 1161 183 1469 233; x_wconf 82' lang='lat'>3500-4000‘,</span> <span class='ocrx_word' id='word_1_12' title='bbox 1497 185 1574 226; x_wconf 77' lang='lat' dir='ltr'><strong>etc.</strong></span> <span class='ocrx_word' id='word_1_13' title='bbox 1607 180 1704 223; x_wconf 89' lang='lat' dir='ltr'><strong>Jun.</strong></span> 
     </span>
     <span class='ocr_line' id='line_1_3' title="bbox 60 254 782 317; baseline -0.004 -22"><span class='ocrx_word' id='word_1_14' title='bbox 60 279 109 284; x_wconf 91' lang='lat'>—</span> <span class='ocrx_word' id='word_1_15' title='bbox 142 256 243 310; x_wconf 84' lang='lat' dir='ltr'><strong>Aug.</strong></span> <span class='ocrx_word' id='word_1_16' title='bbox 276 268 309 294; x_wconf 88' lang='lat' dir='ltr'><strong>e.</strong></span> <span class='ocrx_word' id='word_1_17' title='bbox 342 254 382 295; x_wconf 88' lang='lat' dir='ltr'><strong>fl.</strong></span> <span class='ocrx_word' id='word_1_18' title='bbox 778 303 782 317; x_wconf 49' lang='grc'><strong><em>1</em></strong></span> 
     </span>
    </p>

    <p class='ocr_par' dir='ltr' id='par_1_3' title="bbox 59 314 1709 441">
     <span class='ocr_line' id='line_1_4' title="bbox 170 314 1709 375; baseline -0.005 -14"><span class='ocrx_word' id='word_1_19' title='bbox 170 322 264 364; x_wconf 77' lang='lat' dir='ltr'><strong>Obs.</strong></span> <span class='ocrx_word' id='word_1_20' title='bbox 295 322 468 374; x_wconf 86' lang='lat' dir='ltr'><strong>Species</strong></span> <span class='ocrx_word' id='word_1_21' title='bbox 507 320 639 375; x_wconf 86' lang='lat' dir='ltr'><strong>quoad</strong></span> <span class='ocrx_word' id='word_1_22' title='bbox 675 322 872 359; x_wconf 80' lang='lat' dir='ltr'><strong>staturam</strong></span> <span class='ocrx_word' id='word_1_23' title='bbox 910 317 1137 371; x_wconf 86' lang='lat' dir='ltr'><strong>florumque</strong></span> <span class='ocrx_word' id='word_1_24' title='bbox 1168 315 1492 372; x_wconf 77' lang='lat' dir='ltr'><strong>magnitudinem</strong></span> <span class='ocrx_word' id='word_1_25' title='bbox 1524 327 1595 368; x_wconf 89' lang='lat' dir='ltr'><strong>pro</strong></span> <span class='ocrx_word' id='word_1_26' title='bbox 1628 314 1709 354; x_wconf 78' lang='lat' dir='ltr'><strong>sta-</strong></span> 
     </span>
     <span class='ocr_line' id='line_1_5' title="bbox 59 385 817 441; baseline -0.003 -12"><span class='ocrx_word' id='word_1_27' title='bbox 59 389 185 429; x_wconf 87' lang='lat' dir='ltr'><strong>tionis</strong></span> <span class='ocrx_word' id='word_1_28' title='bbox 215 393 359 429; x_wconf 87' lang='lat' dir='ltr'><strong>natura</strong></span> <span class='ocrx_word' id='word_1_29' title='bbox 390 387 507 428; x_wconf 87' lang='lat' dir='ltr'><strong>valde</strong></span> <span class='ocrx_word' id='word_1_30' title='bbox 538 385 817 441; x_wconf 86' lang='lat' dir='ltr'><strong>polymorpha.</strong></span> 
     </span>
    </p>

    <p class='ocr_par' dir='ltr' id='par_1_4' title="bbox 58 449 1711 566">
     <span class='ocr_line' id='line_1_6' title="bbox 174 449 1711 506; baseline -0.007 -8"><span class='ocrx_word' id='word_1_31' title='bbox 174 460 266 498; x_wconf 86' lang='lat'><strong>161.</strong></span> <span class='ocrx_word' id='word_1_32' title='bbox 325 455 380 504; x_wconf 81' lang='lat' dir='ltr'><strong>D.</strong></span> <span class='ocrx_word' id='word_1_33' title='bbox 411 457 618 506; x_wconf 79' lang='lat' dir='ltr'><strong>superbus</strong></span> <span class='ocrx_word' id='word_1_34' title='bbox 646 453 691 494; x_wconf 91' lang='lat' dir='ltr'><strong>L.</strong></span> <span class='ocrx_word' id='word_1_35' title='bbox 723 451 852 493; x_wconf 86' lang='lat' dir='ltr'><strong>Rchb.</strong></span> <span class='ocrx_word' id='word_1_36' title='bbox 884 451 937 491; x_wconf 86' lang='lat' dir='ltr'><strong>Ic.</strong></span> <span class='ocrx_word' id='word_1_37' title='bbox 970 451 1039 491; x_wconf 90' lang='lat' dir='ltr'><strong>VI.</strong></span> <span class='ocrx_word' id='word_1_38' title='bbox 1070 450 1098 493; x_wconf 86' lang='lat' dir='ltr'><strong>f.</strong></span> <span class='ocrx_word' id='word_1_39' title='bbox 1131 454 1250 492; x_wconf 80' lang='lat'><strong>5032.</strong></span> <span class='ocrx_word' id='word_1_40' title='bbox 1282 450 1342 492; x_wconf 81' lang='grc' dir='ltr'><strong>ΡΙ.</strong></span> <span class='ocrx_word' id='word_1_41' title='bbox 1377 463 1464 490; x_wconf 85' lang='lat' dir='ltr'><strong>exs.</strong></span> <span class='ocrx_word' id='word_1_42' title='bbox 1493 449 1585 490; x_wconf 85' lang='lat' dir='ltr'><strong>eoll.</strong></span> <span class='ocrx_word' id='word_1_43' title='bbox 1618 460 1711 489; x_wconf 82' lang='lat' dir='ltr'><strong>ven.</strong></span> 
     </span>
     <span class='ocr_line' id='line_1_7' title="bbox 58 527 223 566; baseline -0.012 -2"><span class='ocrx_word' id='word_1_44' title='bbox 58 539 95 564; x_wconf 90' lang='lat' dir='ltr'><strong>n.</strong></span> <span class='ocrx_word' id='word_1_45' title='bbox 129 527 223 566; x_wconf 78' lang='lat'><strong>521.</strong></span> 
     </span>
    </p>

    <p class='ocr_par' dir='ltr' id='par_1_5' title="bbox 61 579 1708 842">
     <span class='ocr_line' id='line_1_8' title="bbox 72 579 1708 643; baseline -0.006 -12"><span class='ocrx_word' id='word_1_46' title='bbox 72 579 76 585; x_wconf 78' lang='lat'>.</span> <span class='ocrx_word' id='word_1_47' title='bbox 171 590 216 630; x_wconf 88' lang='lat' dir='ltr'><strong>In</strong></span> <span class='ocrx_word' id='word_1_48' title='bbox 260 589 433 630; x_wconf 74' lang='lat' dir='ltr'><strong>dumetis</strong></span> <span class='ocrx_word' id='word_1_49' title='bbox 473 589 602 643; x_wconf 85' lang='lat' dir='ltr'><strong>pineti</strong></span> <span class='ocrx_word' id='word_1_50' title='bbox 644 586 692 626; x_wconf 81' lang='lat' dir='ltr'><strong>ad</strong></span> <span class='ocrx_word' id='word_1_51' title='bbox 733 587 866 627; x_wconf 82' lang='lat' dir='ltr'><strong>lacum</strong></span> <span class='ocrx_word' id='word_1_52' title='bbox 898 583 1091 625; x_wconf 77' lang='lat' dir='ltr'><strong>Albufera</strong></span> <span class='ocrx_word' id='word_1_53' title='bbox 1120 588 1243 640; x_wconf 86' lang='lat' dir='ltr'><strong>atque</strong></span> <span class='ocrx_word' id='word_1_54' title='bbox 1273 587 1313 626; x_wconf 90' lang='lat' dir='ltr'><strong>in</strong></span> <span class='ocrx_word' id='word_1_55' title='bbox 1345 584 1551 626; x_wconf 87' lang='lat' dir='ltr'><strong>montibus</strong></span> <span class='ocrx_word' id='word_1_56' title='bbox 1579 596 1708 638; x_wconf 82' lang='lat' dir='ltr'>prope</span> 
     </span>
     <span class='ocr_line' id='line_1_9' title="bbox 61 653 1078 713; baseline -0.006 -15"><span class='ocrx_word' id='word_1_57' title='bbox 61 673 152 713; x_wconf 85' lang='lat' dir='ltr'><strong>opp.</strong></span> <span class='ocrx_word' id='word_1_58' title='bbox 187 658 311 698; x_wconf 81' lang='lat' dir='ltr'><strong>Chiva</strong></span> <span class='ocrx_word' id='word_1_59' title='bbox 342 659 381 697; x_wconf 86' lang='lat' dir='ltr'><strong>in</strong></span> <span class='ocrx_word' id='word_1_60' title='bbox 413 669 540 712; x_wconf 85' lang='lat' dir='ltr'><strong>regno</strong></span> <span class='ocrx_word' id='word_1_61' title='bbox 574 655 804 696; x_wconf 72' lang='lat' dir='ltr'><strong>Valentino.</strong></span> <span class='ocrx_word' id='word_1_62' title='bbox 837 656 940 709; x_wconf 84' lang='lat' dir='ltr'><strong>Aug.</strong></span> <span class='ocrx_word' id='word_1_63' title='bbox 974 668 1005 693; x_wconf 89' lang='lat' dir='ltr'><strong>c.</strong></span> <span class='ocrx_word' id='word_1_64' title='bbox 1040 653 1078 692; x_wconf 82' lang='lat' dir='ltr'><strong>ss.</strong></span> 
     </span>
     <span class='ocr_line' id='line_1_10' title="bbox 731 721 1039 762; baseline 0.003 -2"><span class='ocrx_word' id='word_1_65' title='bbox 731 721 1039 762; x_wconf 70' lang='lat' dir='ltr'><strong>Alsineae.</strong></span> 
     </span>
     <span class='ocr_line' id='line_1_11' title="bbox 792 788 970 842; baseline 0 -14"><span class='ocrx_word' id='word_1_66' title='bbox 792 788 970 842; x_wconf 72' lang='lat' dir='ltr'><strong>Sayina.</strong></span> 
     </span>
    </p>

    <p class='ocr_par' dir='ltr' id='par_1_6' title="bbox 61 853 1713 983">
     <span class='ocr_line' id='line_1_12' title="bbox 178 853 1713 911; baseline -0.005 -11"><span class='ocrx_word' id='word_1_67' title='bbox 178 862 268 900; x_wconf 80' lang='lat'><strong>162.</strong></span> <span class='ocrx_word' id='word_1_68' title='bbox 329 858 373 898; x_wconf 86' lang='lat' dir='ltr'><strong>S.</strong></span> <span class='ocrx_word' id='word_1_69' title='bbox 406 859 572 908; x_wconf 75' lang='lat' dir='ltr'><strong>apccala-</strong></span> <span class='ocrx_word' id='word_1_70' title='bbox 605 855 649 896; x_wconf 88' lang='lat' dir='ltr'><strong>L.</strong></span> <span class='ocrx_word' id='word_1_71' title='bbox 682 856 810 897; x_wconf 88' lang='lat' dir='ltr'><strong>Rchb.</strong></span> <span class='ocrx_word' id='word_1_72' title='bbox 842 855 898 898; x_wconf 75' lang='lat' dir='ltr'><strong>Ic.</strong></span> <span class='ocrx_word' id='word_1_73' title='bbox 929 856 990 897; x_wconf 89' lang='lat' dir='ltr'><strong>Fl.</strong></span> <span class='ocrx_word' id='word_1_74' title='bbox 1021 868 1148 911; x_wconf 82' lang='lat' dir='ltr'><strong>germ.</strong></span> <span class='ocrx_word' id='word_1_75' title='bbox 1183 857 1227 895; x_wconf 89' lang='lat' dir='ltr'><strong>V.</strong></span> <span class='ocrx_word' id='word_1_76' title='bbox 1260 855 1285 895; x_wconf 90' lang='lat' dir='ltr'><strong>f.</strong></span> <span class='ocrx_word' id='word_1_77' title='bbox 1318 857 1442 897; x_wconf 74' lang='lat'>4958.</span> <span class='ocrx_word' id='word_1_78' title='bbox 1473 853 1587 895; x_wconf 78' lang='lat' dir='ltr'><strong>Jord.</strong></span> <span class='ocrx_word' id='word_1_79' title='bbox 1618 854 1713 893; x_wconf 77' lang='lat' dir='ltr'><strong>obs.</strong></span> 
     </span>
     <span class='ocr_line' id='line_1_13' title="bbox 61 924 1431 983; baseline -0.006 -15"><span class='ocrx_word' id='word_1_80' title='bbox 61 927 222 983; x_wconf 79' lang='lat' dir='ltr'><strong>Fragm,</strong></span> <span class='ocrx_word' id='word_1_81' title='bbox 254 926 285 966; x_wconf 92' lang='lat' dir='ltr'><strong>I.</strong></span> <span class='ocrx_word' id='word_1_82' title='bbox 320 941 356 980; x_wconf 81' lang='lat' dir='ltr'><strong>p.</strong></span> <span class='ocrx_word' id='word_1_83' title='bbox 390 928 457 967; x_wconf 68' lang='lat'><strong>24;</strong></span> <span class='ocrx_word' id='word_1_84' title='bbox 488 925 538 979; x_wconf 87' lang='lat' dir='ltr'><strong>pl.</strong></span> <span class='ocrx_word' id='word_1_85' title='bbox 571 928 608 965; x_wconf 88' lang='grc'><strong>3.</strong></span> <span class='ocrx_word' id='word_1_86' title='bbox 642 925 687 964; x_wconf 88' lang='grc' dir='ltr'><strong>Β.</strong></span> <span class='ocrx_word' id='word_1_87' title='bbox 717 950 771 955; x_wconf 79' lang='lat'><strong>—-</strong></span> <span class='ocrx_word' id='word_1_88' title='bbox 802 925 859 966; x_wconf 90' lang='lat' dir='ltr'><strong>Pl.</strong></span> <span class='ocrx_word' id='word_1_89' title='bbox 896 937 981 964; x_wconf 54' lang='grc' dir='ltr'><strong>θῇς.</strong></span> <span class='ocrx_word' id='word_1_90' title='bbox 1013 924 1106 965; x_wconf 77' lang='lat' dir='ltr'><strong>coll.</strong></span> <span class='ocrx_word' id='word_1_91' title='bbox 1138 936 1230 962; x_wconf 86' lang='lat' dir='ltr'><strong>ven.</strong></span> <span class='ocrx_word' id='word_1_92' title='bbox 1264 936 1302 963; x_wconf 92' lang='lat' dir='ltr'><strong>n.</strong></span> <span class='ocrx_word' id='word_1_93' title='bbox 1338 925 1431 962; x_wconf 90' lang='lat'>111.</span> 
     </span>
    </p>

    <p class='ocr_par' dir='ltr' id='par_1_7' title="bbox 62 986 1713 1102">
     <span class='ocr_line' id='line_1_14' title="bbox 170 986 1713 1047; baseline -0.004 -13"><span class='ocrx_word' id='word_1_94' title='bbox 170 995 218 1034; x_wconf 91' lang='lat' dir='ltr'><strong>ln</strong></span> <span class='ocrx_word' id='word_1_95' title='bbox 259 995 385 1034; x_wconf 87' lang='lat' dir='ltr'><strong>muris</strong></span> <span class='ocrx_word' id='word_1_96' title='bbox 429 1006 557 1047; x_wconf 84' lang='lat' dir='ltr'><strong>prope</strong></span> <span class='ocrx_word' id='word_1_97' title='bbox 588 991 732 1032; x_wconf 84' lang='lat' dir='ltr'><strong>Bilbao</strong></span> <span class='ocrx_word' id='word_1_98' title='bbox 773 991 861 1032; x_wconf 90' lang='lat' dir='ltr'><strong>loco</strong></span> <span class='ocrx_word' id='word_1_99' title='bbox 893 991 1023 1031; x_wconf 85' lang='lat' dir='ltr'><strong>Pasco</strong></span> <span class='ocrx_word' id='word_1_100' title='bbox 1066 990 1115 1030; x_wconf 77' lang='lat' dir='ltr'><strong>tle</strong></span> <span class='ocrx_word' id='word_1_101' title='bbox 1157 990 1219 1030; x_wconf 87' lang='lat' dir='ltr'><strong>las</strong></span> <span class='ocrx_word' id='word_1_102' title='bbox 1250 989 1399 1030; x_wconf 77' lang='lat' dir='ltr'><strong>Canas.</strong></span> <span class='ocrx_word' id='word_1_103' title='bbox 1457 986 1568 1043; x_wconf 82' lang='lat' dir='ltr'><strong>Majo</strong></span> <span class='ocrx_word' id='word_1_104' title='bbox 1611 1000 1642 1029; x_wconf 85' lang='lat' dir='ltr'><strong>c.</strong></span> <span class='ocrx_word' id='word_1_105' title='bbox 1674 986 1713 1028; x_wconf 85' lang='lat' dir='ltr'><strong>fl.</strong></span> 
     </span>
     <span class='ocr_line' id='line_1_15' title="bbox 62 1061 179 1102; baseline 0.009 -1"><span class='ocrx_word' id='word_1_106' title='bbox 62 1065 102 1102; x_wconf 88' lang='lat' dir='ltr'><strong>et</strong></span> <span class='ocrx_word' id='word_1_107' title='bbox 131 1061 179 1102; x_wconf 87' lang='lat' dir='ltr'><strong>fr.</strong></span> 
     </span>
    </p>

    <p class='ocr_par' dir='ltr' id='par_1_8' title="bbox 782 1123 992 1175">
     <span class='ocr_line' id='line_1_16' title="bbox 782 1123 992 1175; baseline -0.005 -11"><span class='ocrx_word' id='word_1_108' title='bbox 782 1123 992 1175; x_wconf 82' lang='lat' dir='ltr'><strong>Buffonz&#39;a.</strong></span> 
     </span>
    </p>

    <p class='ocr_par' dir='ltr' id='par_1_9' title="bbox 42 1189 1723 1973">
     <span class='ocr_line' id='line_1_17' title="bbox 179 1189 1719 1247; baseline -0.005 -11"><span class='ocrx_word' id='word_1_109' title='bbox 179 1198 271 1236; x_wconf 84' lang='lat'>163.</span> <span class='ocrx_word' id='word_1_110' title='bbox 331 1193 384 1234; x_wconf 88' lang='lat' dir='ltr'><strong>B.</strong></span> <span class='ocrx_word' id='word_1_111' title='bbox 415 1196 695 1244; x_wconf 78' lang='lat' dir='ltr'><strong>macropecala</strong></span> <span class='ocrx_word' id='word_1_112' title='bbox 728 1206 766 1233; x_wconf 89' lang='lat' dir='ltr'><strong>n.</strong></span> <span class='ocrx_word' id='word_1_113' title='bbox 800 1208 860 1247; x_wconf 89' lang='lat' dir='ltr'><strong>sp.</strong></span> <span class='ocrx_word' id='word_1_114' title='bbox 920 1192 1142 1241; x_wconf 78' lang='lat' dir='ltr'><strong>Perennis,</strong></span> <span class='ocrx_word' id='word_1_115' title='bbox 1176 1189 1719 1240; x_wconf 77' lang='lat' dir='ltr'><strong>herbaceo-suffruticulosa,</strong></span> 
     </span>
     <span class='ocr_line' id='line_1_18' title="bbox 68 1249 1719 1316; baseline -0.003 -15"><span class='ocrx_word' id='word_1_116' title='bbox 68 1261 234 1316; x_wconf 88' lang='lat' dir='ltr'><strong>humilis</strong></span> <span class='ocrx_word' id='word_1_117' title='bbox 275 1249 369 1301; x_wconf 79' lang='lat' dir='ltr'><strong>inde</strong></span> <span class='ocrx_word' id='word_1_118' title='bbox 410 1274 433 1300; x_wconf 87' lang='lat' dir='ltr'><strong>a</strong></span> <span class='ocrx_word' id='word_1_119' title='bbox 470 1258 565 1301; x_wconf 72' lang='lat' dir='ltr'><strong>basi&#39;</strong></span> <span class='ocrx_word' id='word_1_120' title='bbox 601 1263 641 1300; x_wconf 90' lang='lat' dir='ltr'><strong>in</strong></span> <span class='ocrx_word' id='word_1_121' title='bbox 672 1275 807 1301; x_wconf 82' lang='lat' dir='ltr'><strong>ramos</strong></span> <span class='ocrx_word' id='word_1_122' title='bbox 839 1259 1014 1309; x_wconf 89' lang='lat' dir='ltr'><strong>(caules)</strong></span> <span class='ocrx_word' id='word_1_123' title='bbox 1045 1260 1193 1299; x_wconf 88' lang='lat' dir='ltr'><strong>breves</strong></span> <span class='ocrx_word' id='word_1_124' title='bbox 1224 1259 1542 1311; x_wconf 77' lang='lat' dir='ltr'>procumbentes</span> <span class='ocrx_word' id='word_1_125' title='bbox 1573 1257 1719 1307; x_wconf 82' lang='lat' dir='ltr'><strong>divisa,</strong></span> 
     </span>
     <span class='ocr_line' id='line_1_19' title="bbox 66 1324 1722 1375; baseline -0.003 -6"><span class='ocrx_word' id='word_1_126' title='bbox 66 1330 235 1369; x_wconf 88' lang='lat' dir='ltr'><strong>ramulis</strong></span> <span class='ocrx_word' id='word_1_127' title='bbox 276 1327 619 1368; x_wconf 80' lang='lat' dir='ltr'>adscendentibus</span> <span class='ocrx_word' id='word_1_128' title='bbox 659 1327 940 1375; x_wconf 79' lang='lat' dir='ltr'><strong>filiforrnibus3</strong></span> <span class='ocrx_word' id='word_1_129' title='bbox 989 1326 1100 1365; x_wconf 90' lang='lat' dir='ltr'><strong>foliis</strong></span> <span class='ocrx_word' id='word_1_130' title='bbox 1145 1324 1409 1365; x_wconf 88' lang='lat' dir='ltr'><strong>inferioribus</strong></span> <span class='ocrx_word' id='word_1_131' title='bbox 1451 1325 1722 1374; x_wconf 85' lang='lat' dir='ltr'><strong>fasciculatis,</strong></span> 
     </span>
     <span class='ocr_line' id='line_1_20' title="bbox 42 1391 1723 1446; baseline -0.004 -10"><span class='ocrx_word' id='word_1_132' title='bbox 42 1397 311 1437; x_wconf 64' lang='lat' dir='ltr'><strong>ramulorum</strong></span> <span class='ocrx_word' id='word_1_133' title='bbox 351 1397 545 1445; x_wconf 80' lang='lat' dir='ltr'><strong>remotis,</strong></span> <span class='ocrx_word' id='word_1_134' title='bbox 588 1396 776 1434; x_wconf 85' lang='lat' dir='ltr'><strong>omnibus</strong></span> <span class='ocrx_word' id='word_1_135' title='bbox 816 1392 1206 1433; x_wconf 75' lang='lat' dir='ltr'><strong>lineari-subulatis</strong></span> <span class='ocrx_word' id='word_1_136' title='bbox 1245 1391 1413 1446; x_wconf 80' lang='lat' dir='ltr'><strong>rigidis3</strong></span> <span class='ocrx_word' id='word_1_137' title='bbox 1459 1392 1627 1431; x_wconf 89' lang='lat' dir='ltr'><strong>floribus</strong></span> <span class='ocrx_word' id='word_1_138' title='bbox 1671 1391 1723 1431; x_wconf 88' lang='lat' dir='ltr'><strong>ad</strong></span> 
     </span>
     <span class='ocr_line' id='line_1_21' title="bbox 65 1459 1721 1517; baseline -0.003 -14"><span class='ocrx_word' id='word_1_139' title='bbox 65 1465 205 1517; x_wconf 84' lang='lat' dir='ltr'>apices</span> <span class='ocrx_word' id='word_1_140' title='bbox 249 1463 497 1502; x_wconf 86' lang='lat' dir='ltr'><strong>ramulorum</strong></span> <span class='ocrx_word' id='word_1_141' title='bbox 536 1460 1041 1509; x_wconf 79' lang='lat' dir='ltr'><strong>fasciculato-racemosis3</strong></span> <span class='ocrx_word' id='word_1_142' title='bbox 1081 1460 1237 1512; x_wconf 88' lang='lat' dir='ltr'><strong>sepalis</strong></span> <span class='ocrx_word' id='word_1_143' title='bbox 1278 1459 1551 1515; x_wconf 46' lang='lat' dir='ltr'><strong>exterioribus</strong></span> <span class='ocrx_word' id='word_1_144' title='bbox 1584 1463 1721 1498; x_wconf 88' lang='lat' dir='ltr'><strong>ovato-</strong></span> 
     </span>
     <span class='ocr_line' id='line_1_22' title="bbox 66 1527 1720 1585; baseline -0.002 -16"><span class='ocrx_word' id='word_1_145' title='bbox 66 1531 277 1585; x_wconf 89' lang='lat' dir='ltr'><strong>oblongis,</strong></span> <span class='ocrx_word' id='word_1_146' title='bbox 318 1529 581 1569; x_wconf 88' lang='lat' dir='ltr'><strong>interioribus</strong></span> <span class='ocrx_word' id='word_1_147' title='bbox 612 1530 662 1568; x_wconf 88' lang='lat' dir='ltr'><strong>iis</strong></span> <span class='ocrx_word' id='word_1_148' title='bbox 692 1529 898 1569; x_wconf 83' lang='lat' dir='ltr'><strong>dimidium</strong></span> <span class='ocrx_word' id='word_1_149' title='bbox 938 1527 1245 1581; x_wconf 37' lang='lat' dir='ltr'><strong>longioribus&amp;</strong></span> <span class='ocrx_word' id='word_1_150' title='bbox 1279 1527 1360 1566; x_wconf 87' lang='lat' dir='ltr'><strong>late</strong></span> <span class='ocrx_word' id='word_1_151' title='bbox 1390 1527 1720 1567; x_wconf 86' lang='lat' dir='ltr'><strong>lineari-lanceo-</strong></span> 
     </span>
     <span class='ocr_line' id='line_1_23' title="bbox 67 1594 1721 1648; baseline -0.003 -10"><span class='ocrx_word' id='word_1_152' title='bbox 67 1599 187 1646; x_wconf 74' lang='lat' dir='ltr'><strong>latis,</strong></span> <span class='ocrx_word' id='word_1_153' title='bbox 228 1597 416 1636; x_wconf 85' lang='lat' dir='ltr'><strong>omnibus</strong></span> <span class='ocrx_word' id='word_1_154' title='bbox 447 1598 669 1646; x_wconf 78' lang='lat' dir='ltr'><strong>511erviis‚</strong></span> <span class='ocrx_word' id='word_1_155' title='bbox 713 1597 851 1635; x_wconf 84' lang='lat' dir='ltr'><strong>nervis</strong></span> <span class='ocrx_word' id='word_1_156' title='bbox 893 1598 918 1636; x_wconf 85' lang='lat'><strong>3</strong></span> <span class='ocrx_word' id='word_1_157' title='bbox 948 1594 1242 1648; x_wconf 85' lang='lat' dir='ltr'><strong>principalibus</strong></span> <span class='ocrx_word' id='word_1_158' title='bbox 1271 1594 1358 1634; x_wconf 87' lang='lat' dir='ltr'><strong>fere</strong></span> <span class='ocrx_word' id='word_1_159' title='bbox 1387 1594 1721 1643; x_wconf 82' lang='lat' dir='ltr'><strong>excurrentibus3</strong></span> 
     </span>
     <span class='ocr_line' id='line_1_24' title="bbox 67 1660 1720 1719; baseline -0.003 -15"><span class='ocrx_word' id='word_1_160' title='bbox 67 1665 215 1718; x_wconf 87' lang='lat' dir='ltr'><strong>petalis</strong></span> <span class='ocrx_word' id='word_1_161' title='bbox 249 1665 640 1719; x_wconf 86' lang='lat' dir='ltr'><strong>oblongo-ellipticis</strong></span> <span class='ocrx_word' id='word_1_162' title='bbox 671 1663 939 1717; x_wconf 82' lang='lat' dir='ltr'><strong>emarginatis</strong></span> <span class='ocrx_word' id='word_1_163' title='bbox 970 1661 1112 1714; x_wconf 81' lang='lat' dir='ltr'><strong>sepala</strong></span> <span class='ocrx_word' id='word_1_164' title='bbox 1143 1662 1339 1701; x_wconf 87' lang='lat' dir='ltr'><strong>interiora</strong></span> <span class='ocrx_word' id='word_1_165' title='bbox 1356 1662 1602 1715; x_wconf 80' lang='lat' dir='ltr'><strong>(longiora!)</strong></span> <span class='ocrx_word' id='word_1_166' title='bbox 1633 1660 1720 1700; x_wconf 83' lang='lat' dir='ltr'><strong>fere</strong></span> 
     </span>
     <span class='ocr_line' id='line_1_25' title="bbox 65 1727 1721 1786; baseline -0.003 -15"><span class='ocrx_word' id='word_1_167' title='bbox 65 1731 326 1786; x_wconf 76' lang='lat' dir='ltr'><strong>aequantibus</strong></span> <span class='ocrx_word' id='word_1_168' title='bbox 367 1731 431 1770; x_wconf 87' lang='lat' dir='ltr'><strong>vel</strong></span> <span class='ocrx_word' id='word_1_169' title='bbox 472 1733 524 1771; x_wconf 91' lang='lat' dir='ltr'><strong>iis</strong></span> <span class='ocrx_word' id='word_1_170' title='bbox 564 1731 727 1783; x_wconf 88' lang='lat' dir='ltr'><strong>paululo</strong></span> <span class='ocrx_word' id='word_1_171' title='bbox 772 1729 1053 1778; x_wconf 75' lang='lat' dir='ltr'><strong>brevioribus3</strong></span> <span class='ocrx_word' id='word_1_172' title='bbox 1098 1727 1341 1768; x_wconf 77' lang='lat' dir='ltr'><strong>staminibus</strong></span> <span class='ocrx_word' id='word_1_173' title='bbox 1380 1732 1406 1768; x_wconf 88' lang='lat'>4</span> <span class='ocrx_word' id='word_1_174' title='bbox 1436 1729 1579 1782; x_wconf 87' lang='lat' dir='ltr'><strong>sepala</strong></span> <span class='ocrx_word' id='word_1_175' title='bbox 1610 1732 1721 1767; x_wconf 86' lang='lat' dir='ltr'><strong>exte-</strong></span> 
     </span>
     <span class='ocr_line' id='line_1_26' title="bbox 64 1794 1721 1852; baseline -0.003 -13"><span class='ocrx_word' id='word_1_176' title='bbox 64 1801 173 1839; x_wconf 87' lang='lat' dir='ltr'><strong>riora</strong></span> <span class='ocrx_word' id='word_1_177' title='bbox 203 1797 483 1852; x_wconf 81' lang='lat' dir='ltr'><strong>aequantibus3</strong></span> <span class='ocrx_word' id='word_1_178' title='bbox 516 1799 636 1850; x_wconf 84' lang='lat' dir='ltr'><strong>stylis</strong></span> <span class='ocrx_word' id='word_1_179' title='bbox 666 1801 706 1837; x_wconf 89' lang='lat' dir='ltr'><strong>et</strong></span> <span class='ocrx_word' id='word_1_180' title='bbox 738 1798 874 1837; x_wconf 86' lang='lat' dir='ltr'><strong>ovario</strong></span> <span class='ocrx_word' id='word_1_181' title='bbox 908 1801 948 1835; x_wconf 86' lang='lat' dir='ltr'><strong>et</strong></span> <span class='ocrx_word' id='word_1_182' title='bbox 976 1794 1518 1850; x_wconf 76' lang='lat' dir='ltr'><strong>staminibus‚longioribus;</strong></span> <span class='ocrx_word' id='word_1_183' title='bbox 1553 1796 1721 1847; x_wconf 85' lang='lat' dir='ltr'><strong>capsula</strong></span> 
     </span>
     <span class='ocr_line' id='line_1_27' title="bbox 66 1861 1722 1919; baseline -0.002 -14"><span class='ocrx_word' id='word_1_184' title='bbox 66 1866 246 1919; x_wconf 85' lang='lat' dir='ltr'><strong>elliptica</strong></span> <span class='ocrx_word' id='word_1_185' title='bbox 278 1865 420 1905; x_wconf 81' lang='lat' dir='ltr'><strong>abortu</strong></span> <span class='ocrx_word' id='word_1_186' title='bbox 452 1877 753 1918; x_wconf 79' lang='lat' dir='ltr'><strong>inonosperma,</strong></span> <span class='ocrx_word' id='word_1_187' title='bbox 785 1864 944 1917; x_wconf 83' lang='lat' dir='ltr'><strong>semine</strong></span> <span class='ocrx_word' id='word_1_188' title='bbox 974 1863 1108 1916; x_wconf 87' lang='lat' dir='ltr'><strong>amplo</strong></span> <span class='ocrx_word' id='word_1_189' title='bbox 1140 1861 1214 1902; x_wconf 85' lang='lat' dir='ltr'><strong>sub</strong></span> <span class='ocrx_word' id='word_1_190' title='bbox 1246 1862 1357 1902; x_wconf 88' lang='lat' dir='ltr'><strong>lente</strong></span> <span class='ocrx_word' id='word_1_191' title='bbox 1373 1863 1649 1902; x_wconf 84' lang='lat' dir='ltr'><strong>minutissime</strong></span> <span class='ocrx_word' id='word_1_192' title='bbox 1681 1866 1722 1902; x_wconf 85' lang='lat' dir='ltr'><strong>et</strong></span> 
     </span>
     <span class='ocr_line' id='line_1_28' title="bbox 68 1930 654 1973; baseline 0 -1"><span class='ocrx_word' id='word_1_193' title='bbox 68 1932 189 1972; x_wconf 82' lang='lat' dir='ltr'><strong>dorso</strong></span> <span class='ocrx_word' id='word_1_194' title='bbox 221 1933 352 1973; x_wconf 88' lang='lat' dir='ltr'><strong>solum</strong></span> <span class='ocrx_word' id='word_1_195' title='bbox 384 1930 654 1972; x_wconf 84' lang='lat' dir='ltr'><strong>tuberculato.</strong></span> 
     </span>
    </p>

    <p class='ocr_par' dir='ltr' id='par_1_10' title="bbox 65 1994 1721 2188">
     <span class='ocr_line' id='line_1_29' title="bbox 176 1994 1720 2054; baseline -0.002 -16"><span class='ocrx_word' id='word_1_196' title='bbox 176 1998 280 2041; x_wconf 76' lang='lat' dir='ltr'><strong>Hah.</strong></span> <span class='ocrx_word' id='word_1_197' title='bbox 311 2001 466 2054; x_wconf 85' lang='lat' dir='ltr'><strong>passim</strong></span> <span class='ocrx_word' id='word_1_198' title='bbox 498 2000 538 2038; x_wconf 90' lang='lat' dir='ltr'><strong>in</strong></span> <span class='ocrx_word' id='word_1_199' title='bbox 573 1994 761 2038; x_wconf 74' lang='lat' dir='ltr'><strong>arenosis</strong></span> <span class='ocrx_word' id='word_1_200' title='bbox 792 1999 899 2037; x_wconf 84' lang='lat' dir='ltr'><strong>inter</strong></span> <span class='ocrx_word' id='word_1_201' title='bbox 930 1995 1030 2037; x_wconf 81' lang='lat' dir='ltr'><strong>Alba</strong></span> <span class='ocrx_word' id='word_1_202' title='bbox 1060 1996 1110 2037; x_wconf 84' lang='lat' dir='ltr'><strong>de</strong></span> <span class='ocrx_word' id='word_1_203' title='bbox 1143 1996 1315 2036; x_wconf 82' lang='lat' dir='ltr'><strong>Termes</strong></span> <span class='ocrx_word' id='word_1_204' title='bbox 1347 2000 1388 2036; x_wconf 87' lang='lat' dir='ltr'><strong>et</strong></span> <span class='ocrx_word' id='word_1_205' title='bbox 1405 1996 1650 2037; x_wconf 85' lang='lat' dir='ltr'><strong>Salamanca</strong></span> <span class='ocrx_word' id='word_1_206' title='bbox 1679 1997 1720 2035; x_wconf 92' lang='lat' dir='ltr'><strong>in</strong></span> 
     </span>
     <span class='ocr_line' id='line_1_30' title="bbox 65 2061 1721 2122; baseline -0.002 -15"><span class='ocrx_word' id='word_1_207' title='bbox 65 2081 193 2122; x_wconf 88' lang='lat' dir='ltr'><strong>regno</strong></span> <span class='ocrx_word' id='word_1_208' title='bbox 222 2067 497 2122; x_wconf 81' lang='lat' dir='ltr'><strong>Legionensi,</strong></span> <span class='ocrx_word' id='word_1_209' title='bbox 540 2065 608 2106; x_wconf 86' lang='lat' dir='ltr'><strong>ubi</strong></span> <span class='ocrx_word' id='word_1_210' title='bbox 649 2067 686 2107; x_wconf 85' lang='lat' dir='ltr'><strong>d.</strong></span> <span class='ocrx_word' id='word_1_211' title='bbox 722 2069 783 2106; x_wconf 89' lang='lat'><strong>16.</strong></span> <span class='ocrx_word' id='word_1_212' title='bbox 818 2066 901 2107; x_wconf 82' lang='lat' dir='ltr'><strong>Oct.</strong></span> <span class='ocrx_word' id='word_1_213' title='bbox 943 2078 1072 2118; x_wconf 84' lang='lat' dir='ltr'><strong>pauca</strong></span> <span class='ocrx_word' id='word_1_214' title='bbox 1112 2065 1338 2118; x_wconf 80' lang='lat' dir='ltr'><strong>specimina</strong></span> <span class='ocrx_word' id='word_1_215' title='bbox 1369 2077 1403 2107; x_wconf 83' lang='lat' dir='ltr'><strong>c.</strong></span> <span class='ocrx_word' id='word_1_216' title='bbox 1433 2063 1471 2103; x_wconf 90' lang='lat' dir='ltr'><strong>ss.</strong></span> <span class='ocrx_word' id='word_1_217' title='bbox 1505 2061 1721 2104; x_wconf 82' lang='lat' dir='ltr'><strong>fructibus-</strong></span> 
     </span>
     <span class='ocr_line' id='line_1_31' title="bbox 67 2137 322 2188; baseline -0.004 -13"><span class='ocrx_word' id='word_1_218' title='bbox 67 2149 145 2188; x_wconf 89' lang='lat' dir='ltr'><strong>que</strong></span> <span class='ocrx_word' id='word_1_219' title='bbox 173 2137 322 2188; x_wconf 90' lang='lat' dir='ltr'><strong>reperi.</strong></span> 
     </span>
    </p>

    <p class='ocr_par' dir='ltr' id='par_1_11' title="bbox 67 2196 1772 2657">
     <span class='ocr_line' id='line_1_32' title="bbox 172 2196 1721 2255; baseline -0.002 -14"><span class='ocrx_word' id='word_1_220' title='bbox 172 2202 370 2241; x_wconf 79' lang='lat' dir='ltr'><strong>Rhizoma</strong></span> <span class='ocrx_word' id='word_1_221' title='bbox 408 2201 626 2255; x_wconf 74' lang='lat' dir='ltr'><strong>multiceps</strong></span> <span class='ocrx_word' id='word_1_222' title='bbox 663 2201 705 2239; x_wconf 86' lang='lat' dir='ltr'><strong>in</strong></span> <span class='ocrx_word' id='word_1_223' title='bbox 735 2212 871 2239; x_wconf 86' lang='lat' dir='ltr'><strong>ramos</strong></span> <span class='ocrx_word' id='word_1_224' title='bbox 911 2197 1056 2238; x_wconf 84' lang='lat' dir='ltr'><strong>breves</strong></span> <span class='ocrx_word' id='word_1_225' title='bbox 1089 2196 1404 2252; x_wconf 81' lang='lat' dir='ltr'><strong>procumbentes</strong></span> <span class='ocrx_word' id='word_1_226' title='bbox 1434 2196 1721 2239; x_wconf 78' lang='lat' dir='ltr'><strong>subtortuosos</strong></span> 
     </span>
     <span class='ocr_line' id='line_1_33' title="bbox 67 2266 1721 2321; baseline -0.002 -12"><span class='ocrx_word' id='word_1_227' title='bbox 67 2268 255 2309; x_wconf 83' lang='lat' dir='ltr'><strong>divisum.</strong></span> <span class='ocrx_word' id='word_1_228' title='bbox 326 2269 445 2308; x_wconf 76' lang='lat' dir='ltr'><strong>Rami</strong></span> <span class='ocrx_word' id='word_1_229' title='bbox 487 2269 603 2321; x_wconf 82' lang='lat' dir='ltr'><strong>apice</strong></span> <span class='ocrx_word' id='word_1_230' title='bbox 644 2266 942 2308; x_wconf 78' lang='lat' dir='ltr'><strong>adscendentes</strong></span> <span class='ocrx_word' id='word_1_231' title='bbox 984 2267 1145 2321; x_wconf 85' lang='lat' dir='ltr'><strong>vaginis</strong></span> <span class='ocrx_word' id='word_1_232' title='bbox 1185 2266 1373 2305; x_wconf 87' lang='lat' dir='ltr'><strong>foliorum</strong></span> <span class='ocrx_word' id='word_1_233' title='bbox 1424 2267 1721 2306; x_wconf 79' lang='lat' dir='ltr'><strong>exsiccaturum</strong></span> 
     </span>
     <span class='ocr_line' id='line_1_34' title="bbox 67 2332 1721 2387; baseline -0.002 -12"><span class='ocrx_word' id='word_1_234' title='bbox 67 2334 309 2375; x_wconf 84' lang='lat' dir='ltr'><strong>imbricatim</strong></span> <span class='ocrx_word' id='word_1_235' title='bbox 355 2336 493 2375; x_wconf 87' lang='lat' dir='ltr'><strong>vestiti</strong></span> <span class='ocrx_word' id='word_1_236' title='bbox 540 2337 579 2374; x_wconf 90' lang='lat' dir='ltr'><strong>in</strong></span> <span class='ocrx_word' id='word_1_237' title='bbox 622 2335 803 2374; x_wconf 88' lang='lat' dir='ltr'><strong>ramulos</strong></span> <span class='ocrx_word' id='word_1_238' title='bbox 846 2332 1090 2372; x_wconf 86' lang='lat' dir='ltr'><strong>foliiformes</strong></span> <span class='ocrx_word' id='word_1_239' title='bbox 1120 2334 1331 2386; x_wconf 75' lang='lat' dir='ltr'><strong>simplices</strong></span> <span class='ocrx_word' id='word_1_240' title='bbox 1369 2334 1547 2387; x_wconf 81' lang='lat' dir='ltr'><strong>graciles</strong></span> <span class='ocrx_word' id='word_1_241' title='bbox 1586 2333 1721 2372; x_wconf 86' lang='lat' dir='ltr'><strong>divisi.</strong></span> 
     </span>
     <span class='ocr_line' id='line_1_35' title="bbox 67 2399 1724 2457; baseline -0.002 -15"><span class='ocrx_word' id='word_1_242' title='bbox 67 2403 274 2443; x_wconf 88' lang='lat' dir='ltr'><strong>Foliorum</strong></span> <span class='ocrx_word' id='word_1_243' title='bbox 306 2404 420 2457; x_wconf 86' lang='lat' dir='ltr'><strong>paria</strong></span> <span class='ocrx_word' id='word_1_244' title='bbox 451 2402 500 2442; x_wconf 84' lang='lat' dir='ltr'><strong>ad</strong></span> <span class='ocrx_word' id='word_1_245' title='bbox 532 2402 778 2441; x_wconf 83' lang='lat' dir='ltr'><strong>ramulorum</strong></span> <span class='ocrx_word' id='word_1_246' title='bbox 811 2399 926 2439; x_wconf 86' lang='lat' dir='ltr'><strong>basin</strong></span> <span class='ocrx_word' id='word_1_247' title='bbox 961 2401 1090 2440; x_wconf 88' lang='lat' dir='ltr'><strong>dense</strong></span> <span class='ocrx_word' id='word_1_248' title='bbox 1121 2399 1358 2449; x_wconf 81' lang='lat' dir='ltr'><strong>imbricata,</strong></span> <span class='ocrx_word' id='word_1_249' title='bbox 1391 2401 1449 2439; x_wconf 89' lang='lat' dir='ltr'><strong>ita</strong></span> <span class='ocrx_word' id='word_1_250' title='bbox 1479 2404 1523 2439; x_wconf 90' lang='lat' dir='ltr'><strong>ut</strong></span> <span class='ocrx_word' id='word_1_251' title='bbox 1553 2399 1724 2439; x_wconf 80' lang='lat' dir='ltr'><strong>fascicu-</strong></span> 
     </span>
     <span class='ocr_line' id='line_1_36' title="bbox 68 2467 1723 2520; baseline -0.002 -12"><span class='ocrx_word' id='word_1_252' title='bbox 68 2471 150 2510; x_wconf 84' lang='lat' dir='ltr'><strong>lata</strong></span> <span class='ocrx_word' id='word_1_253' title='bbox 181 2471 415 2520; x_wconf 80' lang='lat' dir='ltr'><strong>videantur,</strong></span> <span class='ocrx_word' id='word_1_254' title='bbox 456 2471 497 2508; x_wconf 91' lang='lat' dir='ltr'><strong>in</strong></span> <span class='ocrx_word' id='word_1_255' title='bbox 538 2470 707 2509; x_wconf 83' lang='lat' dir='ltr'><strong>ramulis</strong></span> <span class='ocrx_word' id='word_1_256' title='bbox 737 2472 907 2509; x_wconf 85' lang='lat' dir='ltr'><strong>remota.</strong></span> <span class='ocrx_word' id='word_1_257' title='bbox 964 2467 1080 2506; x_wconf 87' lang='lat' dir='ltr'><strong>Folia</strong></span> <span class='ocrx_word' id='word_1_258' title='bbox 1113 2481 1256 2507; x_wconf 88' lang='lat' dir='ltr'><strong>versus</strong></span> <span class='ocrx_word' id='word_1_259' title='bbox 1286 2468 1531 2507; x_wconf 88' lang='lat' dir='ltr'><strong>ramulorum</strong></span> <span class='ocrx_word' id='word_1_260' title='bbox 1564 2468 1723 2520; x_wconf 84' lang='lat' dir='ltr'><strong>apicem</strong></span> 
     </span>
     <span class='ocr_line' id='line_1_37' title="bbox 69 2533 1772 2592; baseline -0.004 -16"><span class='ocrx_word' id='word_1_261' title='bbox 69 2538 222 2577; x_wconf 86' lang='lat' dir='ltr'><strong>sensim</strong></span> <span class='ocrx_word' id='word_1_262' title='bbox 265 2537 573 2592; x_wconf 71' lang='lat' dir='ltr'><strong>decrescentia,</strong></span> <span class='ocrx_word' id='word_1_263' title='bbox 613 2537 835 2588; x_wconf 79' lang='lat' dir='ltr'><strong>triquetra,</strong></span> <span class='ocrx_word' id='word_1_264' title='bbox 875 2535 1058 2574; x_wconf 86' lang='lat' dir='ltr'><strong>carinata</strong></span> <span class='ocrx_word' id='word_1_265' title='bbox 1093 2538 1330 2574; x_wconf 87' lang='lat' dir='ltr'><strong>mucronata</strong></span> <span class='ocrx_word' id='word_1_266' title='bbox 1370 2535 1554 2588; x_wconf 86' lang='lat' dir='ltr'><strong>margine</strong></span> <span class='ocrx_word' id='word_1_267' title='bbox 1585 2533 1725 2573; x_wconf 82' lang='lat' dir='ltr'><strong>ciliata</strong></span> <span class='ocrx_word' id='word_1_268' title='bbox 1761 2568 1772 2574; x_wconf 33' lang='lat' dir='ltr'><strong>s,</strong></span> 
     </span>
     <span class='ocr_line' id='line_1_38' title="bbox 69 2600 1725 2657; baseline -0.002 -14"><span class='ocrx_word' id='word_1_269' title='bbox 69 2605 237 2643; x_wconf 82' lang='lat' dir='ltr'><strong>ramulis</strong></span> <span class='ocrx_word' id='word_1_270' title='bbox 277 2603 486 2657; x_wconf 78' lang='lat' dir='ltr'><strong>adpressa.</strong></span> <span class='ocrx_word' id='word_1_271' title='bbox 546 2604 709 2643; x_wconf 87' lang='lat' dir='ltr'><strong>Ramuli</strong></span> <span class='ocrx_word' id='word_1_272' title='bbox 752 2604 914 2651; x_wconf 69' lang='lat' dir='ltr'><strong>l¹l2—3</strong></span> <span class='ocrx_word' id='word_1_273' title='bbox 945 2602 1040 2655; x_wconf 90' lang='lat' dir='ltr'><strong>poll.</strong></span> <span class='ocrx_word' id='word_1_274' title='bbox 1071 2603 1195 2655; x_wconf 86' lang='lat' dir='ltr'><strong>paris.</strong></span> <span class='ocrx_word' id='word_1_275' title='bbox 1228 2602 1353 2656; x_wconf 84' lang='lat' dir='ltr'><strong>longi.</strong></span> <span class='ocrx_word' id='word_1_276' title='bbox 1415 2600 1725 2640; x_wconf 86' lang='lat' dir='ltr'><strong>lntlorescentia</strong></span> 
     </span>
    </p>
   </div>
   <div class='ocr_carea' id='block_1_3' title="bbox 73 2684 134 2693">
    <p class='ocr_par' dir='ltr' id='par_1_12' title="bbox 73 2684 134 2693">
     <span class='ocr_line' id='line_1_39' title="bbox 73 2684 134 2693; baseline 0 0"><span class='ocrx_word' id='word_1_277' title='bbox 73 2684 134 2693; x_wconf 51' lang='lat' dir='ltr'><strong>-x</strong></span> 
     </span>
    </p>
   </div>
   <div class='ocr_carea' id='block_1_4' title="bbox 139 2683 330 2692">
    <p class='ocr_par' dir='ltr' id='par_1_13' title="bbox 139 2683 330 2692">
     <span class='ocr_line' id='line_1_40' title="bbox 139 2683 330 2692; baseline 0 523"><span class='ocrx_word' id='word_1_278' title='bbox 139 2683 330 2692; x_wconf 95' lang='lat' dir='ltr'><strong> </strong></span> 
     </span>
    </p>
   </div>
   <div class='ocr_carea' id='block_1_5' title="bbox 92 2709 1725 2929">
    <p class='ocr_par' dir='ltr' id='par_1_14' title="bbox 92 2709 1725 2929">
     <span class='ocr_line' id='line_1_41' title="bbox 92 2709 1721 2757; baseline -0.002 -13"><span class='ocrx_word' id='word_1_279' title='bbox 92 2714 131 2751; x_wconf 70' lang='lat' dir='ltr'><strong>*J</strong></span> <span class='ocrx_word' id='word_1_280' title='bbox 159 2711 297 2754; x_wconf 83' lang='lat' dir='ltr'><strong>Mirum,</strong></span> <span class='ocrx_word' id='word_1_281' title='bbox 323 2713 415 2757; x_wconf 90' lang='lat' dir='ltr'><strong>quod</strong></span> <span class='ocrx_word' id='word_1_282' title='bbox 442 2713 658 2746; x_wconf 82' lang='lat' dir='ltr'><strong>recentiores</strong></span> <span class='ocrx_word' id='word_1_283' title='bbox 689 2713 790 2745; x_wconf 82' lang='lat' dir='ltr'><strong>ctiam</strong></span> <span class='ocrx_word' id='word_1_284' title='bbox 818 2711 984 2754; x_wconf 82' lang='lat' dir='ltr'><strong>botanici,</strong></span> <span class='ocrx_word' id='word_1_285' title='bbox 1009 2711 1092 2756; x_wconf 86' lang='lat' dir='ltr'><strong>quin</strong></span> <span class='ocrx_word' id='word_1_286' title='bbox 1118 2711 1405 2745; x_wconf 80' lang='lat' dir='ltr'><strong>accuratissimus</strong></span> <span class='ocrx_word' id='word_1_287' title='bbox 1423 2713 1517 2753; x_wconf 76' lang='lat' dir='ltr'><strong>Gay</strong></span> <span class='ocrx_word' id='word_1_288' title='bbox 1541 2709 1576 2742; x_wconf 88' lang='lat' dir='ltr'><strong>in</strong></span> <span class='ocrx_word' id='word_1_289' title='bbox 1601 2720 1721 2742; x_wconf 89' lang='lat' dir='ltr'><strong>mono-</strong></span> 
     </span>
     <span class='ocr_line' id='line_1_42' title="bbox 159 2765 1720 2812; baseline -0.001 -13"><span class='ocrx_word' id='word_1_290' title='bbox 159 2768 308 2812; x_wconf 78' lang='lat' dir='ltr'><strong>graphia</strong></span> <span class='ocrx_word' id='word_1_291' title='bbox 338 2768 562 2801; x_wconf 77' lang='lat' dir='ltr'><strong>Alsinearuin</strong></span> <span class='ocrx_word' id='word_1_292' title='bbox 595 2767 727 2801; x_wconf 80' lang='lat' dir='ltr'><strong>inedita</strong></span> <span class='ocrx_word' id='word_1_293' title='bbox 760 2767 1046 2812; x_wconf 81' lang='lat' dir='ltr'><strong>inaequalitatem</strong></span> <span class='ocrx_word' id='word_1_294' title='bbox 1079 2767 1279 2812; x_wconf 86' lang='lat' dir='ltr'><strong>scpalorum</strong></span> <span class='ocrx_word' id='word_1_295' title='bbox 1312 2767 1347 2799; x_wconf 89' lang='lat' dir='ltr'><strong>in</strong></span> <span class='ocrx_word' id='word_1_296' title='bbox 1374 2765 1545 2799; x_wconf 83' lang='lat' dir='ltr'><strong>Buffoniis</strong></span> <span class='ocrx_word' id='word_1_297' title='bbox 1579 2765 1720 2798; x_wconf 87' lang='lat' dir='ltr'><strong>obviam</strong></span> 
     </span>
     <span class='ocr_line' id='line_1_43' title="bbox 162 2820 1725 2868; baseline -0.001 -12"><span class='ocrx_word' id='word_1_298' title='bbox 162 2824 323 2857; x_wconf 88' lang='lat' dir='ltr'><strong>omnibus</strong></span> <span class='ocrx_word' id='word_1_299' title='bbox 349 2824 422 2857; x_wconf 84' lang='lat' dir='ltr'><strong>fere</strong></span> <span class='ocrx_word' id='word_1_300' title='bbox 452 2825 555 2868; x_wconf 83' lang='lat' dir='ltr'><strong>plane</strong></span> <span class='ocrx_word' id='word_1_301' title='bbox 581 2821 834 2868; x_wconf 70' lang='lat' dir='ltr'><strong>neglexerunt!</strong></span> <span class='ocrx_word' id='word_1_302' title='bbox 873 2843 911 2849; x_wconf 80' lang='lat'><strong>——-</strong></span> <span class='ocrx_word' id='word_1_303' title='bbox 943 2824 998 2859; x_wconf 73' lang='lat' dir='ltr'><strong>Cf.</strong></span> <span class='ocrx_word' id='word_1_304' title='bbox 1026 2824 1131 2858; x_wconf 81' lang='lat' dir='ltr'><strong>Flore</strong></span> <span class='ocrx_word' id='word_1_305' title='bbox 1157 2823 1200 2857; x_wconf 87' lang='lat' dir='ltr'><strong>de</strong></span> <span class='ocrx_word' id='word_1_306' title='bbox 1226 2824 1363 2856; x_wconf 79' lang='lat' dir='ltr'><strong>France</strong></span> <span class='ocrx_word' id='word_1_307' title='bbox 1392 2823 1484 2855; x_wconf 83' lang='lat' dir='ltr'><strong>auct.</strong></span> <span class='ocrx_word' id='word_1_308' title='bbox 1512 2820 1665 2855; x_wconf 82' lang='lat' dir='ltr'><strong>Grenier</strong></span> <span class='ocrx_word' id='word_1_309' title='bbox 1690 2824 1725 2854; x_wconf 86' lang='lat' dir='ltr'><strong>et</strong></span> 
     </span>
     <span class='ocr_line' id='line_1_44' title="bbox 163 2879 635 2929; baseline -0.006 -14"><span class='ocrx_word' id='word_1_310' title='bbox 163 2879 309 2915; x_wconf 81' lang='lat' dir='ltr'><strong>Godron</strong></span> <span class='ocrx_word' id='word_1_311' title='bbox 334 2879 362 2916; x_wconf 85' lang='grc' dir='ltr'><strong>Ι.</strong></span> <span class='ocrx_word' id='word_1_312' title='bbox 388 2892 419 2929; x_wconf 85' lang='lat' dir='ltr'><strong>p.</strong></span> <span class='ocrx_word' id='word_1_313' title='bbox 445 2880 511 2917; x_wconf 76' lang='lat'>2-18</span> <span class='ocrx_word' id='word_1_314' title='bbox 536 2890 635 2928; x_wconf 80' lang='lat' dir='ltr'><strong>sequ.</strong></span> 
     </span>
    </p>
   </div>
   <div class='ocr_carea' id='block_1_6' title="bbox 1411 2942 1457 2980">
    <p class='ocr_par' dir='ltr' id='par_1_15' title="bbox 1411 2942 1457 2980">
     <span class='ocr_line' id='line_1_45' title="bbox 1411 2942 1457 2980; baseline 0 -19"><span class='ocrx_word' id='word_1_315' title='bbox 1411 2942 1457 2980; x_wconf 46' lang='lat'><strong>4*</strong></span> 
     </span>
    </p>
   </div>
  </div>
 </body>
</html>
