1867 3215
173 115 238 161 54

279 244 417 285 Sierra
447 243 495 283 de
526 243 803 284 Guadarrama
833 246 872 284 in
904 246 1090 286 arenosis
1122 259 1246 302 prope
1277 251 1450 289 monast.
1484 247 1556 287 Sta
1586 246 1716 288 Maria
1744 247 1839 288 del,

168 311 327 358 Paular,
361 313 465 350 inter
497 310 710 350 colmenar
740 315 781 351 et
811 311 965 352 Choras
995 314 1035 352 in
1067 313 1175 354 Cast.
1208 327 1333 363 nova3
1368 316 1472 354 inter
1498 315 1599 355 Alba
1628 315 1678 355 de
1708 314 1810 356 Tor-

167 392 253 418 mes
284 383 324 417 et
352 377 607 417 Salamanea.
640 378 755 430 Sept.
788 379 872 419 oct.
905 392 938 419 c.
971 379 1009 419 fl.
1043 379 1089 419 fr.

275 448 367 485 369.
430 443 472 484 C.
504 443 775 493 celephiifolicz
804 446 981 486 Pourr.
1013 447 1135 487 Gren.
1169 446 1289 489 Godr.
1320 448 1343 487 l.
1377 461 1411 486 c.
1443 460 1482 501 p.
1513 449 1607 488 614.

273 511 317 551 In
360 512 520 550 saxosis
564 513 671 551 circa
714 512 874 552 fodinas
919 527 1090 568 cupreas
1131 527 1255 568 prope
1289 514 1438 553 Pardos
1477 513 1584 554 haud
1615 515 1752 567 procul
1784 528 1808 554 a

159 579 313 621 Melina
352 578 402 618 de
434 579 616 633 magon,
660 593 785 633 prope
816 580 1058 622 salamanca
1098 581 1146 620 ad
1179 583 1283 620 viam
1314 583 1469 636 regiam
1499 580 1804 632 maritent-aem,

161 650 266 689 inter
297 645 418 703 Bejar
457 650 498 685 et
531 646 604 686 val
643 646 693 686 de
723 647 906 688 Fuentes
935 649 976 688 in
1006 661 1132 703 regno
1164 647 1424 704 Legionensi.
1484 648 1738 689 Ju1.-0ct.
1771 662 1806 688 c.

162 717 200 756 fl.
234 715 280 755 fr.

842 780 1129 821 Soter-anthus.
1479 819 1493 825 a

269 852 360 891 370.
421 847 489 888 Sc¹
523 860 693 887 annuus
723 847 764 888 L.
826 848 949 889 Gren.
983 849 1104 889 Godr.
1150 849 1174 888 l.
1218 863 1249 888 c.
1284 863 1320 903 p.
1352 852 1444 890 614.
1506 849 1564 890 ΡΙ.
1597 862 1682 888 exs.
1717 848 1804 888 coll.

160 930 249 957 ven.
283 930 321 955 n.
355 918 435 956 328
463 917 533 964 (ex
565 918 710 968 parte).

268 982 314 1023 In
355 984 542 1022 arenosis
581 983 866 1036 glareosisque
899 983 989 1037 jugi
1022 983 1169 1022 Puerlo
1211 982 1260 1023 de
1291 982 1492 1023 Canfrane
1523 983 1562 1022 in
1593 983 1806 1036 Pyrenaeis

160 1051 375 1106 Aragoniae
406 1049 457 1089 ad
487 1049 555 1088 alt.
588 1051 812 1090 4-5o00‘.
844 1049 969 1089 Junio
1001 1049 1038 1089 fl.
1071 1048 1118 1088 fr.

270 1120 363 1158 371.
424 1115 494 1156 sc.
521 1118 718 1165 perennis
747 1115 789 1155 L.
836 1116 960 1156 Gren,
993 1115 1113 1157 Godr.
1157 1116 1181 1157 Ι.
1214 1129 1247 1155 e.
1308 1116 1367 1156 Pl.
1402 1130 1488 1156 exs.
1519 1116 1609 1157 coll.
1643 1129 1733 1157 ven.
1765 1129 1803 1155 n.

159 1187 241 1226 328
271 1190 338 1230 (ex
371 1187 515 1237 parte).

270 1251 368 1290 Cum
415 1248 703 1304 praecedente3
748 1250 872 1289 etiam
916 1250 956 1288 in
999 1249 1203 1305 glareosis
1247 1262 1370 1304 supra
1400 1249 1546 1290 balnea
1575 1250 1807 1299 Panticosa,

160 1318 296 1360 6000st
330 1317 427 1359 Jun.
458 1330 492 1358 c.
524 1315 562 1356 fl.
599 1315 646 1356 fr.

883 1381 1050 1430 Queria.

270 1454 362 1493 372.
425 1450 500 1498 Qu.
533 1450 749 1500 hispanica
780 1449 823 1490 L.

269 1517 315 1557 ln
357 1518 544 1557 arenosis
584 1517 859 1557 sabinetorum
899 1518 1006 1556 inter
1035 1515 1252 1557 Pozondon
1293 1520 1334 1557 et
1364 1515 1490 1557 Gelda
1529 1517 1570 1556 in
1602 1517 1807 1572 Aragonia

159 1585 328 1626 australi
359 1597 462 1626 raro.
497 1585 596 1639 Aug.
629 1585 796 1624 ineunte
826 1585 990 1623 omnino
1020 1583 1111 1625 dess.

749 1630 1218 1691 crassulace⁸ae.

899 1716 1066 1756 sedum.

270 1787 363 1827 373.
425 1783 469 1825 S.
502 1795 689 1824 annuum
718 1783 761 1824 L.
822 1784 945 1824 Gren.
983 1783 1103 1824 Godr.
1144 1784 1169 1822 Ι.
1210 1796 1242 1823 c.
1282 1797 1317 1837 p.
1347 1786 1443 1825 621.
1502 1783 1561 1823 Pl.
1593 1795 1678 1826 exs.
1709 1783 1799 1823 coll.

157 1865 248 1892 ven.
282 1867 320 1894 n.
439 1886 444 1893 .

269 1919 313 1958 ln
346 1855 558 1972 gitenaeis
588 1919 803 1974 Aragoniae
832 1919 873 1958 in
902 1918 1105 1973 glareosis
1134 1918 1346 1971 graniticis
1376 1930 1500 1970 supra
1530 1917 1676 1958 balnea
1701 1918 1803 1958 Pan-

159 1987 289 2025 ticosa
320 1986 368 2025 ad
399 1987 467 2025 alt.
501 1988 625 2027 5500‘
655 1999 759 2025 raro.
792 1985 917 2025 Junio
949 1998 981 2024 c.
1016 1984 1053 2023 fl.

269 2055 362 2094 374.
425 2052 470 2092 S.
503 2055 713 2091 hirsutum
743 2052 836 2092 All.
870 2051 993 2091 Gren.
1028 2049 1150 2091 Godr.
1182 2050 1207 2089 1.
1240 2063 1274 2089 c.
1305 2053 1399 2091 622.

267 2119 312 2158 ln
346 2121 471 2159 muris
501 2121 596 2175 pagi
627 2119 829 2160 Canfranc
859 2124 899 2158 et
929 2118 1026 2157 alibi
1057 2119 1095 2156 in
1128 2117 1338 2169 Pyrenaeis
1370 2117 1550 2169 copiose,
1583 2115 1655 2156 sed
1675 2101 1800 2157 Junio

158 2185 331 2225 nondum
364 2187 528 2226 florens.

267 2255 358 2294 375.
423 2252 467 2291 S.
500 2255 776 2292 micramhum
807 2253 944 2292 Bast.
986 2253 1108 2292 Gren.
1142 2249 1263 2290 Godr.
1297 2251 1320 2289 l.
1355 2263 1388 2288 c.
1421 2265 1458 2304 p.
1491 2253 1583 2291 623.
1645 2251 1710 2298 (S.
1744 2251 1800 2290 al·

157 2318 247 2358 bum
280 2320 324 2370 β.
356 2319 620 2358 micranthum
654 2320 769 2362 Dec.
799 2319 934 2360 Prodr.
968 2318 1040 2357 111.
1073 2321 1166 2358 406.
1226 2318 1268 2357 S.
1303 2317 1539 2356 Clusiannm
1572 2317 1694 2359 Guss.
1751 2318 1795 2357 S.

156 2386 345 2424 albellum
379 2385 512 2425 Boias.
545 2392 584 2425 et
616 2386 753 2429 Wink,
787 2387 842 2427 Pl.
877 2400 962 2426 exs.
996 2385 1085 2424 coll.
1119 2397 1208 2423 ven.
1244 2397 1280 2422 n.
1313 2387 1431 2428 383.)

268 2453 310 2491 ln
341 2455 502 2491 saxosis
535 2455 681 2491 montis
712 2454 851 2493 Sancti
881 2453 1057 2492 Joannis
1089 2464 1213 2505 prope
1241 2451 1344 2490 Jaca
1373 2455 1494 2503 atque
1525 2452 1563 2489 in
1595 2451 1799 2505 glareosis

154 2521 491 2571 rnpeslribusque
538 2520 680 2558 lateris
723 2521 993 2573 aragonensis
1035 2520 1185 2557 montis
1215 2518 1355 2557 Sierra
1394 2517 1443 2557 de
1473 2517 1698 2569 Moncayo,
1748 2517 1797 2557 ad

154 2587 220 2626 alt.
255 2588 558 2627 2000-3500¹.
592 2587 703 2626 Julio
736 2601 768 2626 c.
805 2586 889 2627 ssor.

266 2655 359 2694 obs.
422 2653 568 2692 Differt
611 2666 635 2692 a.
675 2650 719 2692 S.
762 2655 854 2691 albo
898 2653 1024 2705 primo
1069 2652 1215 2690 intuitu
1253 2650 1421 2690 floribus
1451 2651 1589 2703 parvis
1618 2655 1658 2689 et
1688 2649 1799 2689 foliis

153 2720 277 2758 multo
324 2721 455 2773 magis
503 2720 662 2773 glaucis
706 2719 991 2771 subpruinosis
1031 2719 1192 2758 erectis.
1253 2717 1354 2769 Legi
1399 2718 1518 2756 etiam
1558 2717 1598 2755 in
1627 2718 1797 2771 regione

153 2786 288 2837 alpina
320 2787 472 2825 Sierrae
503 2787 693 2827 Nevadae.

264 2855 357 2893 376.
419 2853 462 2893 S.
496 2855 702 2901 anylicum
732 2852 884 2893 Huds.
917 2852 1040 2894 Gran.
1073 2851 1192 2892 Godr.
1226 2851 1249 2891 Ι.
1280 2864 1311 2890 c.
1344 2852 1437 2891 624.
1497 2849 1556 2890 ΡΙ.
1588 2863 1671 2889 exs.
1702 2850 1793 2889 coll.

153 2930 242 2957 ven.
276 2933 313 2958 n.
346 2922 412 2961 88.
