1867 3215
1608 47 1675 94 9⁷

36 172 282 212 radicalibus
312 185 392 211 non
423 173 640 219 rosulatis3
673 171 852 212 bracteis
881 171 1014 210 ovatis
1038 173 1169 212 acutis
1185 170 1563 225 repando-dentatis
1576 184 1679 212 mar-

35 241 131 293 gine
169 239 445 278 subrevolutis
485 239 571 278 basi
601 237 949 286 lanato-hirsutis3
996 236 1166 278 floribus
1205 238 1396 278 distincte
1427 236 1683 291 pedicellatis

36 305 258 358 (pedicello
287 305 440 358 calycis
469 305 606 344 tubum
638 307 877 358 aequante),
907 304 1061 357 calycis
1091 305 1253 344 laciniis
1279 304 1483 345 subulatis
1499 317 1683 358 pungen-

34 372 141 412 tibus
172 373 355 425 margine
387 384 507 424 parce
530 370 847 421 *lanato-ciliatis
877 369 1029 410 corolla
1059 370 1183 411 multo
1215 371 1482 413 brevioribus.

139 438 238 477 Hab.
270 439 310 476 in
349 437 553 491 glareosis
591 437 740 476 montis
769 435 971 495 Moncayo
1011 438 1051 476 in
1094 439 1299 477 consortio
1332 438 1487 491 speciei
1517 441 1681 478 antece-

34 504 168 543 dentis
198 504 272 543 sed
303 504 429 543 multo
459 505 599 544 rarior.
637 503 739 559 Legi
769 503 804 544 d.
842 507 904 545 15.
936 502 1038 544 Julii
1069 517 1157 544 eum
1187 502 1369 545 floribus.

146 570 277 610 Radix
319 583 458 609 crassa
500 570 685 624 lignosa,
729 570 868 610 caules
907 582 1149 610 numerosos
1180 573 1306 611 2—3
1337 570 1507 623 pollices
1537 571 1684 625 longos

36 636 174 676 edens.
236 637 388 676 Caules
417 637 599 691 angulati
629 636 788 676 inferne
819 638 964 686 setosi,
995 649 1173 690 superne
1189 637 1438 691 glaberrimi.
1476 636 1684 678 Foliassm

35 703 157 758 longa
197 704 305 743 laete
347 703 490 742 viridia
531 716 656 743 nervo
694 702 828 743 medio
859 702 951 742 albo
984 716 1179 757 percursa
1211 705 1399 758 utrinque
1425 704 1684 759 glaberrima.

37 770 267 822 Capitulum
299 771 459 810 4--5Ἠ
491 769 627 810 latum.
687 768 887 809 Bracteae
919 768 1042 808 flores
1072 769 1378 823 subsequantes
1407 774 1686 820 mucronatae,

33 840 177 875 acutae
208 836 273 875 vel
305 836 476 875 obtusae
506 836 612 875 laete
644 835 808 876 virides.
880 835 1074 876 Laciniae
1113 824 1327 889 calycinae
1356 840 1533 891 anguste
1564 836 1686 877 subu·

35 904 141 942 latae
183 903 279 942 tubo
323 903 445 955 triplo
484 903 692 957 longiores
732 903 798 941 vix
839 902 1013 941 mediam
1046 902 1226 944 corollae
1257 907 1413 957 partem
1444 907 1683 957 aequantes.

36 968 223 1008 Corollae
254 968 407 1023 pallide
437 969 652 1009 coeruleae
682 968 858 1009 laciniae
887 968 1069 1008 lineares
1099 970 1216 1022 apice
1243 969 1420 1009 breviter
1443 971 1688 1011 acuminata

35 1036 327 1077 acutiusculae.
389 1033 620 1076 Filumenta
650 1035 790 1087 calyce
820 1036 945 1076 multo
976 1036 1174 1076 breviora.
1235 1035 1378 1090 Stylus
1402 1035 1590 1078 clavatus
1621 1050 1687 1077 co-

36 1103 136 1142 rolla
166 1103 340 1157 longior.
1402 1136 1409 1141 .

149 1171 321 1224 Species
361 1167 498 1209 affinis
540 1168 823 1218 antecedenti,
857 1168 900 1209 J.
930 1170 1208 1221 amethysceae
1237 1170 1354 1226 Lag.
1384 1170 1537 1211 Rodr.
1569 1176 1612 1211 et
1640 1168 1686 1212 J.

35 1238 300 1287 sessiliflorae
326 1236 491 1275 Boiss.
514 1235 662 1275 Reut.
695 1235 829 1290 diagn.
865 1236 975 1288 pl.u.
1009 1234 1111 1290 bisp.
1143 1240 1266 1290 p.2l.
1306 1238 1339 1277 A
1370 1235 1413 1277 J.
1430 1239 1590 1287 humili,
1622 1238 1686 1278 eui

38 1303 168 1357 quoad
197 1301 369 1357 figuram
401 1308 441 1342 et
472 1306 714 1342 structuram
745 1301 858 1342 floris
876 1302 995 1343 valde
1013 1303 1176 1352 similis,
1206 1301 1341 1343 differt
1357 1304 1544 1345 caulibus
1563 1303 1689 1343 multo

38 1370 291 1425 longioribus
333 1383 510 1422 superne
550 1369 671 1409 nudis
710 1360 1052 1424 glaberrimisque
1092 1375 1189 1416 (nec
1230 1383 1359 1424 usque
1389 1370 1440 1410 ad
1469 1370 1689 1424 capitulum

36 1437 191 1476 foliatis
232 1436 551 1490 pubescentibus
590 1436 663 1475 sub
706 1435 886 1489 capitulo
925 1437 1209 1484 tomentosis),
1241 1436 1353 1477 soliis
1383 1437 1691 1492 angustioribus

36 1503 283 1545 radicalibus
313 1517 395 1543 non
425 1503 640 1551 rosulafis,
675 1503 866 1554 capitulis
899 1503 1149 1552 minoribus,
1179 1503 1357 1544 bracteis
1385 1503 1691 1558 augustioribus

37 1572 222 1625 margine
251 1570 464 1619 revolutis,
496 1568 664 1608 floribus
695 1568 863 1624 longius
893 1568 1165 1621 pedicellatis,
1197 1570 1351 1623 calycis
1381 1570 1544 1611 laciniis
1565 1583 1692 1625 angu-

36 1638 230 1678 stioribus
260 1637 386 1676 multo
418 1637 552 1676 minus
583 1636 745 1675 lanatis.
808 1634 850 1675 J.
883 1638 1139 1688 amethyscea
1169 1635 1280 1677 foliis
1311 1635 1558 1690 spathulatis
1588 1648 1691 1676 mar·

34 1704 132 1758 gine
163 1716 293 1757 usque
323 1702 373 1742 ad
403 1705 559 1757 apicem
592 1701 677 1742 fere
707 1702 953 1757 longissime
983 1703 1149 1752 ciliatis,
1181 1703 1367 1743 caulibus
1397 1715 1529 1757 usque
1558 1702 1608 1742 ad
1627 1715 1690 1743 ca·
1726 1704 1736 1714 '

37 1771 209 1824 pitulum
250 1770 431 1819 foliatis,
470 1769 661 1824 capitulis
699 1769 950 1824 maj0ribus,
992 1768 1171 1810 bracteis
1209 1770 1384 1825 integris
1422 1768 1693 1823 amethysteis

38 1838 323 1890 glaberrimis,
356 1836 509 1889 calycis
539 1836 670 1890 glabri
701 1836 864 1875 laciniis
895 1836 1086 1875 corollam
1118 1836 1470 1890 subaequantibus
1500 1847 1523 1874 a
1554 1839 1695 1875 nostra

39 1903 350 1943 distinctissima
369 1907 445 1941 est.
486 1903 516 1942 Α
532 1901 575 1943 J.
595 1904 835 1954 sessilitlora
852 1903 1042 1957 denique,
1061 1905 1126 1944 cui
1142 1907 1282 1943 nostra
1308 1902 1446 1942 babitu
1470 1901 1693 1953 simillima,

37 1970 197 2010 abunde
241 1969 376 2010 differt
417 1962 584 2009 floribus
622 1969 841 2010 sessilibus
870 1974 911 2010 et
941 1970 1104 2010 laciniis
1134 1970 1331 2023 calycinis
1372 1968 1564 2010 corollam
1602 1968 1697 2011 sub·

41 2038 325 2090 aequantibus.
360 2036 533 2088 Species
564 2038 670 2076 inter
697 2036 740 2078 J.
758 2038 1048 2087 sessilifloram
1079 2041 1119 2076 et
1147 2035 1189 2077 J.
1215 2038 1412 2076 humilem
1443 2033 1693 2077 collocanda.

152 2103 246 2145 Oba.
307 2102 365 2142 cl.
410 2101 706 2144 Cossonius
745 2102 787 2144 J.
820 2104 1106 2154 sessilifloram
1144 2102 1315 2145 Boiss.
1346 2103 1492 2144 Reut.
1525 2102 1582 2142 nil
1612 2103 1695 2143 nisi

40 2172 281 2210 varietatem
311 2168 354 2210 J.
385 2173 588 2218 perennis
616 2169 662 2211 L.
705 2183 801 2210 esse
832 2171 1062 2220 existimat,
1094 2182 1213 2224 quam
1241 2172 1533 2209 intermediam
1562 2175 1694 2219 vocat,

41 2242 259 2290 propterea
299 2235 404 2290 quod
449 2237 664 2277 transitum
703 2250 726 2276 a
761 2235 803 2277 J.
833 2239 1009 2285 perenm·
1047 2236 1097 2277 ad
1137 2234 1182 2277 J.
1213 2238 1408 2275 'numilem
1437 2234 1576 2275 Lois.
1608 2232 1696 2276 effi-

40 2303 104 2343 cit.
154 2303 303 2357 vIpsam
338 2301 380 2343 J.
413 2305 611 2343 humilem
641 2316 773 2356 aeque
803 2316 850 2342 ac
879 2302 923 2343 J.
955 2303 1274 2356 amethystinam
1314 2302 1369 2342 nil
1411 2303 1492 2342 nisi
1522 2303 1696 2342 varieta-

39 2373 103 2408 tes
130 2369 174 2410 J.
203 2372 402 2420 perennis
441 2383 536 2409 esse
580 2370 816 2410 verosimile
855 2371 892 2408 ei
933 2369 1102 2410 videtur.
1177 2369 1262 2419 Qua
1294 2370 1488 2422 opinione
1507 2367 1697 2409 ‘admissa

41 2441 181 2476 nostra
221 2439 343 2476 etiam
386 2437 551 2490 species
580 2435 630 2476 ad
662 2434 704 2476 J.
735 2447 959 2485 perennem
989 2440 1032 2476 ut
1062 2436 1242 2475 varietas
1273 2425 1456 2475 ducentia
1487 2436 1574 2475 erit.
1635 2434 1696 2476 Cf.

41 2502 198 2542 Goason
228 2502 358 2543 Notes
389 2517 422 2544 s.
453 2516 517 2556 qu.
550 2502 604 2556 pl.
638 2515 758 2543 nouv.
791 2503 877 2542 crit.
909 2514 987 2553 rar.
1018 2501 1070 2542 du
1100 2501 1195 2542 midi
1226 2502 1277 2542 ‹le
1307 2501 1542 2556 l'Espagne.
1575 2501 1691 2542 Fasc.

35 2567 106 2609 111.
141 2571 290 2619 (1851)
320 2583 359 2622 p.
396 2573 486 2610 121.

621 2651 630 2658 ·
700 2634 1034 2688 Wahlenberyia.

150 2704 252 2744 627.
310 2701 377 2741 W.
409 2704 636 2742 hederacea
665 2702 761 2742 Rch
777 2702 811 2741 b.
844 2701 897 2754 pl.
929 2703 1015 2744 crit.
1046 2702 1092 2742 V.
1125 2707 1151 2745 t.
1182 2705 1276 2744 480.

152 2768 272 2808 Locis
313 2770 515 2808 muscosis
554 2770 720 2824 irriguis
761 2769 957 2807 montium
996 2769 1318 2809 cantabricorum
1350 2774 1391 2808 et
1419 2772 1574 2808 tractus
1603 2780 1696 2809 ceu·

36 2834 172 2885 tralis:
204 2836 245 2876 in
275 2834 381 2876 valle
411 2833 523 2876 fluvii
554 2834 784 2887 Bidasson,
816 2846 961 2876 mense
991 2835 1119 2877 Junio
1149 2834 1328 2877 noudum
1359 2834 1532 2884 floren-3
1563 2833 1617 2874 ad
1644 2835 1695 2874 ri·

1416 2909 1457 2943 1⁸
