1867 3215
194 148 257 192 32

301 273 345 313 ln
376 271 579 313 montibus
610 270 854 313 cantabricis
886 273 1053 324 passim,
1084 275 1355 328 praecedente
1381 276 1650 329 frequentior:
1681 277 1830 317 Puerto

187 340 236 379 de
268 340 499 394 Descarga,
533 340 649 378 Valle
680 339 730 379 de
761 338 936 388 Orozc03
981 340 1095 380 Valle
1127 342 1176 382 de
1207 343 1370 397 Lozoya
1401 345 1439 383 in
1472 343 1611 383 Sierra
1641 343 1691 383 de
1723 344 1828 384 Gua-

186 406 390 456 darrama3
432 406 526 446 cult.
557 407 679 445 ”circa
709 419 838 460 pagos
872 410 912 446 et
943 419 1032 461 opp.
1068 408 1335 460 Cantabriae,
1369 412 1407 450 in
1441 407 1673 450 nemoribus
1703 399 1830 465 regiis

189 487 315 528 prope
346 474 383 514 el
412 472 599 513 Eseorial
630 477 671 513 et
700 474 911 529 AranJ'uez.
1574 487 1578 490 ’

845 538 1166 583 Malvaceae.

930 607 1083 649 Malva.
1749 658 1755 663 ¹

301 677 388 716 187.
444 674 501 716 M.
533 674 662 714 Alcea
691 674 732 714 L.
796 690 836 728 Ὗ.
867 675 1090 724 Γαείίῃίαια
1121 675 1244 716 Koch.
1278 677 1377 728 Syn.
1411 676 1472 717 ed.
1507 680 1543 716 2.
1605 676 1680 724 (M.
1715 675 1828 716 fasti-

184 742 296 795 giata
326 742 422 782 σαν.
453 742 507 782 Μ.
540 742 715 783 Murena
747 731 847 782 Ρόιι.
882 740 1007 782 Βοιὼ.
1042 742 1094 782 ιο.
1127 743 1174 782 ν.
1207 743 1230 783 f.
1267 746 1409 792 4844.)

296 808 340 848 ln
379 809 555 849 dumetis
596 809 645 849 ad
676 822 798 862 rupes
829 811 1053 863 granitioas
1084 811 1122 848 in
1156 809 1262 849 valle
1293 809 1404 849 fluvii
1434 810 1552 850 Jerte
1583 823 1708 863 prope
1740 810 1826 850 Pla-

184 878 323 915 sencia
353 875 628 924 (Extremad.)
660 880 781 930 atque
809 877 848 916 in
882 875 1084 916 montibus
1115 878 1220 916 inter
1250 877 1465 917 Plaseucia
1495 882 1535 916 et
1567 876 1709 932 Bejar,
1741 877 1824 918 Oct.

183 941 268 982 fere
299 942 389 983 defl.
421 957 453 983 c.
487 943 534 983 fr.

294 1009 386 1050 Obs.
417 1011 562 1050 Planta
592 1009 803 1064 hispanica
833 1010 936 1049 inter
966 1008 1134 1050 frutices
1165 1009 1245 1048 alte
1267 1009 1484 1060 scandens,
1515 1011 1639 1050 ramis
1668 1011 1828 1065 gracili-

179 1074 254 1115 bus
293 1078 582 1117 strictiuseulis
623 1078 817 1130 virgatis,
858 1075 1025 1116 floribus
1065 1078 1224 1131 magnis
1263 1090 1433 1118 amoene
1474 1078 1665 1119 lilacinis.
1727 1077 1824 1118 Cum

180 1144 296 1183 icone
327 1142 708 1183 Reichenbachiano
741 1143 844 1184 bene
875 1145 1071 1198 congruit.

292 1212 380 1252 188.
439 1209 498 1251 M.
532 1212 672 1260 trifida
705 1211 818 1251 Cav.
853 1224 934 1250 var.
967 1211 1162 1260 latifolia.
1204 1211 1262 1253 Pl.
1294 1224 1379 1252 exs.
1413 1211 1502 1252 coll.
1535 1223 1625 1250 ven.
1659 1223 1697 1250 n.
1730 1213 1823 1252 471.

174 1275 320 1316 Differt
364 1291 387 1316 a
418 1279 556 1332 specie
587 1291 667 1317 non
701 1279 779 1318 nisi
811 1278 971 1317 laciniis
1001 1277 1189 1317 foliorum
1221 1278 1345 1317 multo
1377 1276 1603 1318 latioribus.
1664 1277 1725 1317 Cf.
1757 1277 1824 1317 de-

173 1346 312 1397 script.
348 1358 370 1383 a
403 1345 449 1386 cl.
484 1345 681 1384 Cavanill.
717 1345 795 1384 (lat.
829 1346 868 1384 in
903 1345 1099 1384 Praelect.
1136 1359 1173 1398 p.
1211 1348 1298 1386 169.

287 1407 331 1449 In
372 1413 559 1451 arenosis
599 1410 873 1451 sabinetorum
915 1415 1018 1451 inter
1050 1410 1267 1451 l‘ozondon
1299 1416 1339 1451 et
1374 1411 1487 1451 Cella
1518 1411 1567 1451 ad
1597 1411 1665 1451 alt.
1697 1412 1824 1452 3500‘

174 1482 214 1516 et
244 1489 370 1532 prope
404 1477 568 1518 Concud
600 1479 650 1518 ad
680 1479 748 1518 alt.
778 1479 904 1519 28001
938 1481 976 1517 in
1008 1480 1211 1533 Aragonia
1242 1482 1365 1520 austr.
1399 1480 1498 1533 Aug.
1531 1492 1563 1518 c.
1595 1478 1633 1517 ss.
1666 1482 1704 1517 et
1735 1466 1782 1517 l'r.

299 1547 386 1585 189.
447 1544 504 1583 M.
535 1547 740 1584 silvestris
769 1545 809 1584 L.
842 1544 969 1587 Rchb.
1002 1545 1055 1585 lc.
1089 1546 1134 1586 V.
1166 1544 1191 1587 f.
1225 1548 1345 1587 4840.

283 1610 329 1651 In
370 1611 571 1652 ruderatis
610 1612 659 1652 ad
700 1612 864 1653 fluvium
897 1614 1001 1667 Arga
1040 1626 1166 1666 prope
1198 1612 1322 1652 Olave
1353 1616 1395 1652 et
1425 1610 1520 1651 alibi
1552 1613 1593 1651 in
1623 1611 1818 1662 Navarra,

175 1678 272 1718 Jun.
304 1692 336 1719 c.
370 1677 408 1718 ss.
443 1684 483 1719 et
513 1679 560 1719 fr.
591 1703 643 1710 —
673 1693 744 1733 per
774 1683 897 1719 totam
929 1680 1181 1733 Hispaniam.

290 1749 379 1786 190.
440 1746 498 1786 M.
530 1749 717 1801 vulya⁷·i3
748 1746 893 1802 Trag.
923 1746 998 1786 Fr.
1033 1745 1159 1786 Rchb.
1192 1745 1246 1787 lc.
1279 1747 1303 1786 l.
1339 1761 1370 1785 c.
1405 1745 1431 1785 f.
1462 1749 1583 1788 4836.

289 1811 334 1852 ln
377 1812 586 1855 sterilibus
625 1827 751 1868 prope
789 1828 877 1869 opp.
916 1813 1075 1854 Daroca
1106 1815 1146 1854 in
1177 1814 1381 1868 Aragonia
1412 1814 1594 1854 australi.
1655 1813 1755 1867 Aug.
1786 1825 1819 1852 c.

175 1878 211 1918 ll.
244 1883 284 1919 et
314 1879 360 1922 fr.

286 1947 390 1987 Hinc
421 1947 514 1988 inde
545 1961 616 2002 per
646 1952 770 1989 totam
801 1947 1053 2003 Hispaniam.

880 2014 1101 2056 Lavatera.

288 2084 375 2122 191.
438 2080 486 2123 L.
519 2084 669 2122 triloba
698 2081 740 2122 L.
774 2082 869 2123 Cav.
901 2082 1063 2124 Monad.
1094 2086 1120 2121 t.
1152 2085 1216 2122 32.
1250 2080 1275 2120 f.
1309 2084 1346 2122 3.

285 2147 330 2186 ln
367 2149 576 2203 argillosis
614 2148 824 2190 sterilibus
864 2150 987 2189 salsis
1027 2151 1132 2188 inter
1171 2147 1398 2202 llorcajada
1437 2152 1478 2188 et
1508 2145 1742 2189 Tarrancon
1774 2150 1813 2186 in

173 2214 281 2254 Cast.
315 2228 431 2254 nova.
460 2217 560 2270 Aug.
593 2229 625 2257 c.
659 2216 699 2259 ss.
731 2220 771 2256 et
802 2215 848 2256 fr.
881 2215 953 2256 sed
984 2229 1150 2270 prorsus
1180 2215 1266 2255 fere
1298 2217 1446 2255 exsicc.

906 2282 1093 2322 Althaea.

287 2351 378 2389 192.
438 2347 488 2388 A.
520 2347 742 2397 officinalis
772 2349 815 2390 L.
855 2348 980 2390 Rchb.
1014 2349 1067 2389 Ic.
1100 2349 1148 2389 V.
1182 2347 1206 2389 f.
1240 2351 1360 2391 4849.
1393 2349 1452 2391 Pl.
1486 2361 1569 2388 exs.
1602 2347 1709 2433 coll..
1722 2359 1810 2387 ven.

202 2418 333 2455 .394.

282 2481 325 2520 ln
369 2482 583 2536 uliginosis
621 2482 744 2522 salsis
788 2485 892 2524 inter
922 2483 1129 2539 Zaragoza
1160 2486 1199 2523 et
1231 2483 1408 2537 Alagon3
1441 2481 1489 2521 ad
1521 2481 1655 2521 fossas
1689 2493 1814 2535 prope

170 2548 323 2588 Molina
352 2548 401 2588 de
433 2550 605 2604 Aragon
636 2549 719 2588 Jul.
753 2551 851 2605 Aug.
889 2565 921 2590 c.
954 2550 989 2590 ss.

285 2618 373 2655 193.
434 2616 482 2655 Α.
514 2617 750 2654 σαηιιαὺὶηα
779 2617 822 2655 1.
853 2616 977 2656 Rchb
1012 2617 1064 2657 lc.
1097 2616 1120 2656 l.
1154 2630 1187 2655 c.
1221 2614 1246 2654 f.
1280 2618 1398 2656 4847.

247 2670 345 2709 Ad
378 2669 511 2710 fossas
543 2675 740 2710 terrarum
773 2673 968 2712 cultarum
1001 2674 1105 2711 circa
1137 2672 1356 2723 Zaragoza.
1389 2670 1470 2711 Jul.
1503 2684 1536 2709 c.
1571 2669 1608 2709 ss.

284 2729 372 2766 194.
433 2726 482 2765 Α.
513 2728 679 2764 hirsuta
710 2726 751 2765 L.
791 2727 916 2768 Rebi»
961 2726 1445 2767 le.1.c.f.4846.1'.l
1478 2739 1560 2764 exs.
1592 2724 1682 2764 coll.
1716 2735 1804 2762 ven.

170 2796 206 2823 n.
241 2785 332 2822 260.

282 2839 323 2876 ln
364 2837 610 2891 graminosis
653 2837 755 2875 inter
786 2836 964 2877 liedena
996 2844 1035 2877 et
1063 2837 1172 2877 Yesa
1203 2838 1241 2875 in
1272 2837 1452 2878 Navarra
1482 2849 1586 2883 raro,
1619 2833 1805 2886 frequen-
1865 2811 1867 2874 l

169 2894 248 2930 tius
279 2894 317 2930 in
351 2870 455 2931 veelle
490 2891 600 2931 fluvii
633 2893 792 2945 Aragon
823 2905 946 2946 prope
978 2895 1050 2932 Sta
1081 2893 1258 2938 Lucilia,
1298 2892 1422 2940 Jac‚a
1454 2893 1493 2931 in
1526 2866 1699 2931 vallibus
1732 2889 1805 2939 Py-

169 2959 349 2987 renaeor.
380 2948 497 3001 Arag
531 2947 790 2988 inferioribus
824 2961 951 3001 usque
983 2950 1120 2988 2500st
1149 2948 1243 2988 Jun.
1277 2960 1308 2986 c
1341 2946 1378 2985 fl.
