1867 3215
1640 92 1711 145 '98

756 226 1009 268 onondriela.

140 325 147 330 -
172 299 264 338 599.
323 295 395 335 Ch.
414 295 573 344 juncea
603 292 649 335 1..

170 361 357 404 Abundat
397 361 438 400 in
478 359 589 414 agris
627 358 836 414 argillosis
875 359 1085 401 derelictis
1114 360 1323 402 castellae
1360 372 1494 405 novae
1531 357 1715 414 tempore

62 429 302 480 autumnali,
334 441 368 468 v.
401 441 432 469 c.
465 427 570 468 inter
599 425 817 470 madritum
848 430 890 468 et
921 427 1126 480 Toletum,
1159 427 1298 470 Octob.
1332 441 1364 471 c.
1396 426 1435 470 fl.
1466 425 1514 469 fr.

745 517 1033 559 Taraoeacum.

169 590 263 630 600.
336 585 386 626 T.
429 582 643 634 officinale
679 586 842 641 Wigg.
889 600 971 627 var.
1016 588 1272 636 laeviyatum
1314 586 1357 627 C.
1399 586 1445 627 u.
1491 583 1714 628 Schultz

62 655 154 710 Bip.
185 678 239 686 —
270 654 328 695 Pl.
362 666 448 693 exs.
479 652 570 692 coll.
603 665 694 693 ven.
729 667 766 693 n.
803 657 893 696 159.
927 653 992 702 (Τ.
1025 654 1274 710 laevigatum
1305 652 1435 701 Dec.)
1565 652 1569 658 ‘

175 722 220 762 ln
251 720 474 776 pinguibus
504 721 611 759 inter
640 733 740 760 saxa
771 721 965 761 montium
997 720 1325 762 cantabricarum
1356 734 1391 760 v.
1423 734 1457 761 c.
1490 720 1540 761 ad
1558 720 1718 761 radices

59 791 218 844 rupium
248 787 502 829 verticalium
533 789 684 827 montis
713 788 826 828 Pena
856 787 1048 841 Gorveya
1078 790 1273 842 copiose,
1314 786 1424 842 majo
1456 802 1490 828 c.
1522 787 1632 836 θοῆς
1678 788 1718 829 in

61 857 236 897 collibus
267 856 516 911 graminosis
545 853 597 895 ad
625 868 751 910 sepes
782 869 908 910 prope
935 856 1060 904 Yrun‚
1092 854 1290 896 Decemb.
1324 868 1356 894 c.
1391 853 1476 894 flor.

171 926 264 966 601.
329 922 378 963 T.
420 925 651 962 serotinum
693 922 835 976 Sadl.
879 936 960 963 var.
1001 925 1290 971 breriscapum
1329 921 1371 962 C.
1412 920 1462 962 Η.
1505 920 1724 962 Schultz

65 991 153 1044 Bip.
185 992 225 1030 in
259 990 335 1030 litt.
380 1015 427 1021 -
471 989 529 1029 Pl.
560 1003 647 1049 2¹⁸·
680 989 771 1029 coll.
804 1002 893 1030 ven.
927 1003 964 1030 n.
998 993 1089 1032 460.
1129 990 1194 1036 (Τ.
1229 987 1557 1044 pyrrhopappum
1586 988 1721 1030 Boiss.

62 1059 183 1099 Reut.
217 1057 352 1111 diagn.
383 1057 434 1111 pl.
468 1069 561 1097 nov,
594 1056 710 1111 Hisp.
743 1071 780 1111 p.
814 1060 895 1103 19.)

174 1125 218 1164 ln
250 1124 690 1180 argilloso-gypsaceis
720 1124 1014 1179 sterilibusque
1045 1126 1267 1179 praecipue
1284 1124 1561 1181 salsuginosis
1577 1125 1723 1180 Hispa-

63 1194 157 1233 niae
195 1191 586 1232 austro-orientalis
628 1195 668 1230 et
699 1191 913 1231 centralis:
956 1193 997 1231 in
1029 1192 1219 1232 arenosis
1250 1205 1377 1246 prope
1408 1191 1569 1232 Daroca
1600 1196 1723 1247 atquo

65 1261 105 1300 ln
148 1258 349 1299 sabinetis
380 1259 486 1298 inter
516 1256 735 1298 Pozondc'm
767 1262 807 1298 et
838 1258 962 1298 Gelda
1003 1260 1044 1298 in
1078 1260 1302 1314 Aragonia3
1350 1259 1389 1298 in
1431 1259 1602 1312 planitie
1641 1259 1724 1300 alta

63 1328 171 1367 circa
199 1325 354 1366 Molina
395 1324 444 1364 de
477 1326 639 1380 Aragon
678 1327 868 1380 copiose3
911 1324 1091 1366 abundat
1131 1327 1170 1365 in
1215 1325 1424 1382 argillosis
1461 1326 1586 1366 salsis
1618 1327 1723 1367 inter

69 1395 320 1434 Carrascosa
351 1397 393 1432 et
424 1391 659 1435 Tarrancon
692 1395 733 1435 in
753 1393 934 1434 Castella
964 1407 1092 1440 nova3
1126 1395 1301 1434 occurrit
1331 1395 1452 1432 etiam
1485 1395 1524 1433 in
1543 1393 1724 1434 castella

62 1466 202 1502 vetere
249 1462 382 1510 (raro)
413 1464 455 1500 et
484 1473 611 1514 prope
642 1462 936 1501 monasterium
969 1461 1006 1501 el
1038 1459 1187 1502 Paular
1218 1462 1259 1501 in
1292 1460 1434 1502 Sierra
1464 1461 1513 1502 de
1545 1462 1708 1504 Guadar

60 1542 173 1570 rama
200 1529 487 1578 (rarissime3).
520 1527 782 1571 Julio-Oct,
815 1542 835 1569 c
880 1527 966 1571 flor.
998 1532 1040 1569 et
1070 1527 1117 1570 fr.

786 1617 986 1659 Lactuca.

168 1691 262 1731 602.
325 1685 374 1729 L.
405 1684 602 1726 Scariola
632 1685 678 1726 L.

170 1754 217 1795 In
259 1755 379 1795 cultis
421 1755 642 1809 pinguibus
684 1768 812 1807 prope
855 1754 1147 1794 monasterium
1184 1754 1222 1794 el
1256 1753 1404 1795 Paular
1434 1757 1474 1796 in
1505 1756 1646 1798 Sierra
1676 1756 1725 1798 de

61 1822 352 1863 Guadarrama.
383 1822 497 1874 Sept.
530 1836 562 1861 c.
597 1821 635 1862 fl.
669 1825 710 1862 et
741 1821 789 1861 fr.

169 1892 289 1944 603„
325 1888 374 1930 L,
402 1891 601 1939 perennis
631 1888 673 1928 1,,
716 1890 839 1931 Gren.
872 1889 995 1929 Godr.
1029 1890 1053 1929 l.
1087 1905 1118 1930 c.
1152 1904 1193 1942 p.
1227 1894 1322 1931 322.

170 1956 214 1996 In
246 1956 496 2011 graminosis
524 1957 631 1996 inter
663 1955 832 1996 frutices
863 1957 1026 1996 collium
1057 1958 1163 1996 inter
1194 1970 1343 2012 pagum
1364 1957 1473 1998 Yesa
1490 1962 1530 1997 et
1554 1957 1720 1998 fluvium

64 2024 225 2079 Aragon
267 2025 308 2062 in
348 2023 530 2062 Navarra
568 2029 691 2076 atque
729 2025 770 2063 in
811 2024 1017 2079 Aragonia
1056 2025 1270 2078 superiore
1314 2025 1421 2064 inter
1462 2024 1564 2065 Jaca
1607 2029 1647 2065 et
1677 2026 1720 2065 S.

64 2091 175 2133 Juan
208 2090 258 2131 de
288 2091 327 2131 la
358 2089 469 2131 Pena
498 2103 602 2131 raro.
635 2091 775 2142 Junio,
808 2091 920 2133 Julio
952 2105 985 2131 c.
1018 2091 1056 2132 fl.
1091 2096 1130 2131 et
1162 2090 1208 2133 fr.

791 2180 997 2221 Semo-hus.

169 2250 266 2291 604.
327 2247 372 2287 S.
407 2250 618 2288 oleran-eus
648 2248 689 2289 L.

170 2315 216 2355 ln
247 2316 469 2371 pinguibus
498 2317 729 2365 umbrosis,
771 2315 821 2356 ad
861 2329 1007 2370 sepes,
1050 2315 1186 2357 fossas
1218 2328 1344 2371 prope
1376 2315 1522 2356 Rilbao
1553 2319 1594 2356 et
1624 2316 1721 2357 alibi

59 2384 99 2422 in
130 2382 361 2423 Cantabria.
401 2382 512 2438 Majo
545 2397 576 2424 c.
611 2383 650 2423 fl.

171 2453 265 2491 605.
329 2447 374 2489 S.
409 2453 649 2500 maritimus
679 2450 722 2490 L.
756 2472 808 2479 —
840 2451 897 2491 Pl.
930 2463 1014 2493 exe.
1049 2451 1138 2491 coll.
1172 2464 1262 2491 ven.
1295 2465 1335 2490 n.
1367 2454 1460 2493 495.

173 2517 230 2556 Ad
273 2516 410 2557 fossas
440 2509 622 2558 Hsuertae
661 2518 711 2558 de
742 2519 937 2559 Valencia
977 2522 1018 2558 et
1048 2521 1268 2573 praecipue
1300 2530 1533 2571 camporum
1565 2518 1723 2571 Oryzae

59 2586 219 2624 sativae
251 2597 380 2638 prope
411 2586 550 2625 urbem
581 2587 779 2626 Valencia
811 2587 991 2639 copiose.
1024 2588 1122 2642 Aug.
1155 2601 1188 2630 c,
1218 2587 1305 2626 flor.

177 2654 270 2692 606.
335 2650 380 2690 S.
413 2652 686 2701 crassifole‘us
715 2654 896 2693 Pourr.
928 2653 1037 2694 Dec.
1070 2653 1318 2704 l‘rongfl.
1343 2667 1379 2707 p.
1415 2654 1505 2694 187.
1538 2653 1598 2700 (S.
1631 2653 1724 2691 sim-

62 2719 316 2773 plicissimus
347 2719 446 2775 Lag.
482 2734 574 2761 nov.
606 2734 700 2776 gen.
733 2735 793 2776 sp.
825 2735 862 2760 n.
895 2724 988 2762 312.
1023 2735 1071 2762 ex
1100 2722 1338 2775 autopsial)

173 2784 220 2825 ln
260 2787 471 2842 argillosis
515 2789 794 2845 salsuginosis
824 2789 932 2829 inter
962 2789 1212 2829 Garrascosa
1251 2793 1294 2829 et
1324 2786 1576 2843 Horcajada‚
1615 2788 1724 2832 cirea

63 2851 374 2895 Fuentiduenas
404 2858 446 2894 et
475 2855 572 2898 alibi
604 2857 645 2899 in
678 2856 861 2899 Castella
890 2869 1011 2898 nova.
1043 2858 1142 2914 Aug.
1177 2870 1210 2898 c.
1243 2855 1329 2895 flor.
1362 2853 1480 2898 et-fr.
1560 2893 1564 2895 Δ
