<?xml version="1.0" encoding="UTF-8"?>
<!DOCTYPE html PUBLIC "-//W3C//DTD XHTML 1.0 Transitional//EN"
    "http://www.w3.org/TR/xhtml1/DTD/xhtml1-transitional.dtd">
<html xmlns="http://www.w3.org/1999/xhtml" xml:lang="en" lang="en">
 <head>
  <title>
</title>
<meta http-equiv="Content-Type" content="text/html;charset=utf-8" />
  <meta name='ocr-system' content='tesseract 3.04.00' />
  <meta name='ocr-capabilities' content='ocr_page ocr_carea ocr_par ocr_line ocrx_word'/>
</head>
<body>
  <div class='ocr_page' id='page_1' title='image "./sertumfloraehisp00will_0077.png"; bbox 0 0 1867 3215; ppageno 0'>
   <div class='ocr_carea' id='block_1_1' title="bbox 1632 47 1699 90">
    <p class='ocr_par' dir='ltr' id='par_1_1' title="bbox 1632 47 1699 90">
     <span class='ocr_line' id='line_1_1' title="bbox 1632 47 1699 90; baseline 0 0"><span class='ocrx_word' id='word_1_1' title='bbox 1632 47 1699 90; x_wconf 77' lang='lat'><strong>69</strong></span> 
     </span>
    </p>
   </div>
   <div class='ocr_carea' id='block_1_2' title="bbox 10 173 1722 2308">
    <p class='ocr_par' dir='ltr' id='par_1_2' title="bbox 158 173 1508 488">
     <span class='ocr_line' id='line_1_2' title="bbox 499 173 1016 221; baseline -0.002 1"><span class='ocrx_word' id='word_1_2' title='bbox 499 207 502 209; x_wconf 95' lang='lat'><em>-</em></span> <span class='ocrx_word' id='word_1_3' title='bbox 736 173 1016 221; x_wconf 64' lang='lat' dir='ltr'><strong>drucionem.</strong></span> 
     </span>
     <span class='ocr_line' id='line_1_3' title="bbox 162 245 677 293; baseline -0.008 -2"><span class='ocrx_word' id='word_1_4' title='bbox 162 253 254 293; x_wconf 82' lang='grc'><strong>466.</strong></span> <span class='ocrx_word' id='word_1_5' title='bbox 317 248 361 291; x_wconf 76' lang='lat'><strong>0.</strong></span> <span class='ocrx_word' id='word_1_6' title='bbox 393 249 606 289; x_wconf 70' lang='lat' dir='ltr'><strong>maritima</strong></span> <span class='ocrx_word' id='word_1_7' title='bbox 633 245 677 287; x_wconf 85' lang='lat' dir='ltr'><strong>L.</strong></span> 
     </span>
     <span class='ocr_line' id='line_1_4' title="bbox 158 306 1508 368; baseline -0.007 -11"><span class='ocrx_word' id='word_1_8' title='bbox 158 317 204 357; x_wconf 84' lang='lat' dir='ltr'><strong>In</strong></span> <span class='ocrx_word' id='word_1_9' title='bbox 235 316 442 357; x_wconf 76' lang='lat' dir='ltr'>sabulosis</span> <span class='ocrx_word' id='word_1_10' title='bbox 472 314 521 356; x_wconf 79' lang='lat' dir='ltr'><strong>ad</strong></span> <span class='ocrx_word' id='word_1_11' title='bbox 552 326 663 355; x_wconf 84' lang='lat' dir='ltr'><strong>oram</strong></span> <span class='ocrx_word' id='word_1_12' title='bbox 693 314 820 354; x_wconf 84' lang='lat' dir='ltr'><strong>muris</strong></span> <span class='ocrx_word' id='word_1_13' title='bbox 850 326 979 368; x_wconf 81' lang='lat' dir='ltr'><strong>prope</strong></span> <span class='ocrx_word' id='word_1_14' title='bbox 1006 312 1251 354; x_wconf 77' lang='lat' dir='ltr'><strong>Valentiam.</strong></span> <span class='ocrx_word' id='word_1_15' title='bbox 1282 311 1385 365; x_wconf 87' lang='lat' dir='ltr'>Aug.</span> <span class='ocrx_word' id='word_1_16' title='bbox 1417 306 1508 348; x_wconf 85' lang='lat' dir='ltr'><strong>defl.</strong></span> 
     </span>
     <span class='ocr_line' id='line_1_5' title="bbox 695 379 1070 419; baseline 0 0"><span class='ocrx_word' id='word_1_17' title='bbox 695 379 1070 419; x_wconf 72' lang='lat' dir='ltr'><strong>Valerianeae.</strong></span> 
     </span>
     <span class='ocr_line' id='line_1_6' title="bbox 731 445 1026 488; baseline 0.007 -2"><span class='ocrx_word' id='word_1_18' title='bbox 731 445 1026 488; x_wconf 58' lang='lat' dir='ltr'><strong>Centranmu&amp;</strong></span> 
     </span>
    </p>

    <p class='ocr_par' dir='ltr' id='par_1_3' title="bbox 167 513 1386 560">
     <span class='ocr_line' id='line_1_7' title="bbox 167 513 1386 560; baseline -0.007 0"><span class='ocrx_word' id='word_1_19' title='bbox 167 521 258 560; x_wconf 74' lang='lat'><strong>467.</strong></span> <span class='ocrx_word' id='word_1_20' title='bbox 321 517 363 556; x_wconf 85' lang='lat' dir='ltr'><strong>C&#39;.</strong></span> <span class='ocrx_word' id='word_1_21' title='bbox 398 518 525 556; x_wconf 81' lang='lat' dir='ltr'><strong>ruber</strong></span> <span class='ocrx_word' id='word_1_22' title='bbox 554 513 663 554; x_wconf 76' lang='lat' dir='ltr'><strong>Dec.</strong></span> <span class='ocrx_word' id='word_1_23' title='bbox 697 514 754 554; x_wconf 90' lang='lat' dir='ltr'><strong>Pl.</strong></span> <span class='ocrx_word' id='word_1_24' title='bbox 789 526 874 554; x_wconf 81' lang='lat' dir='ltr'><strong>exs,</strong></span> <span class='ocrx_word' id='word_1_25' title='bbox 906 514 995 553; x_wconf 90' lang='lat' dir='ltr'><strong>coll.</strong></span> <span class='ocrx_word' id='word_1_26' title='bbox 1031 525 1120 554; x_wconf 86' lang='lat' dir='ltr'><strong>ven.</strong></span> <span class='ocrx_word' id='word_1_27' title='bbox 1154 524 1193 552; x_wconf 89' lang='lat' dir='ltr'><strong>n.</strong></span> <span class='ocrx_word' id='word_1_28' title='bbox 1225 513 1317 553; x_wconf 71' lang='lat'><strong>5¹77.</strong></span> <span class='ocrx_word' id='word_1_29' title='bbox 1350 524 1386 551; x_wconf 84' lang='lat' dir='ltr'><strong>a.</strong></span> 
     </span>
    </p>

    <p class='ocr_par' dir='ltr' id='par_1_4' title="bbox 60 577 1710 769">
     <span class='ocr_line' id='line_1_8' title="bbox 172 577 1710 635; baseline -0.007 -10"><span class='ocrx_word' id='word_1_30' title='bbox 172 586 217 625; x_wconf 92' lang='lat' dir='ltr'><strong>ln</strong></span> <span class='ocrx_word' id='word_1_31' title='bbox 248 585 400 634; x_wconf 77' lang='lat' dir='ltr'><strong>muris,</strong></span> <span class='ocrx_word' id='word_1_32' title='bbox 433 583 577 632; x_wconf 77' lang='lat' dir='ltr'><strong>tectis,</strong></span> <span class='ocrx_word' id='word_1_33' title='bbox 606 582 779 635; x_wconf 78' lang='lat' dir='ltr'>rupibus</span> <span class='ocrx_word' id='word_1_34' title='bbox 810 581 1070 629; x_wconf 77' lang='lat' dir='ltr'>Cantabriae,</span> <span class='ocrx_word' id='word_1_35' title='bbox 1101 593 1139 619; x_wconf 87' lang='lat' dir='ltr'><strong>v.</strong></span> <span class='ocrx_word' id='word_1_36' title='bbox 1173 592 1204 620; x_wconf 84' lang='lat' dir='ltr'><strong>c.</strong></span> <span class='ocrx_word' id='word_1_37' title='bbox 1237 591 1362 631; x_wconf 82' lang='lat' dir='ltr'><strong>prope</strong></span> <span class='ocrx_word' id='word_1_38' title='bbox 1393 577 1553 627; x_wconf 81' lang='lat' dir='ltr'><strong>Bilbao,</strong></span> <span class='ocrx_word' id='word_1_39' title='bbox 1584 578 1710 617; x_wconf 80' lang='lat' dir='ltr'><strong>Villa·</strong></span> 
     </span>
     <span class='ocr_line' id='line_1_9' title="bbox 60 644 1710 702; baseline -0.007 -9"><span class='ocrx_word' id='word_1_40' title='bbox 60 652 224 701; x_wconf 78' lang='lat' dir='ltr'><strong>franca,</strong></span> <span class='ocrx_word' id='word_1_41' title='bbox 258 652 446 699; x_wconf 84' lang='lat' dir='ltr'><strong>Ornieta,</strong></span> <span class='ocrx_word' id='word_1_42' title='bbox 479 650 686 702; x_wconf 81' lang='lat' dir='ltr'><strong>Oyarzun,</strong></span> <span class='ocrx_word' id='word_1_43' title='bbox 719 648 843 696; x_wconf 86' lang='lat' dir='ltr'><strong>Yrun,</strong></span> <span class='ocrx_word' id='word_1_44' title='bbox 877 649 1054 701; x_wconf 82' lang='lat' dir='ltr'><strong>copiose.</strong></span> <span class='ocrx_word' id='word_1_45' title='bbox 1089 647 1211 700; x_wconf 82' lang='lat' dir='ltr'><strong>Majo,</strong></span> <span class='ocrx_word' id='word_1_46' title='bbox 1243 645 1366 685; x_wconf 87' lang='lat' dir='ltr'><strong>Junio</strong></span> <span class='ocrx_word' id='word_1_47' title='bbox 1400 659 1431 685; x_wconf 49' lang='lat' dir='ltr'><strong>c·</strong></span> <span class='ocrx_word' id='word_1_48' title='bbox 1465 644 1551 686; x_wconf 80' lang='lat' dir='ltr'><strong>flor.</strong></span> <span class='ocrx_word' id='word_1_49' title='bbox 1583 669 1634 676; x_wconf 71' lang='lat'><strong>-·—</strong></span> <span class='ocrx_word' id='word_1_50' title='bbox 1668 645 1710 683; x_wconf 78' lang='lat' dir='ltr'><strong>ln</strong></span> 
     </span>
     <span class='ocr_line' id='line_1_10' title="bbox 63 712 1710 769; baseline -0.006 -9"><span class='ocrx_word' id='word_1_51' title='bbox 63 721 188 760; x_wconf 79' lang='lat' dir='ltr'><strong>muris</strong></span> <span class='ocrx_word' id='word_1_52' title='bbox 220 718 378 758; x_wconf 79' lang='lat' dir='ltr'><strong>castelli</strong></span> <span class='ocrx_word' id='word_1_53' title='bbox 410 718 565 769; x_wconf 78' lang='lat' dir='ltr'><strong>antiqui</strong></span> <span class='ocrx_word' id='word_1_54' title='bbox 596 715 732 769; x_wconf 84' lang='lat' dir='ltr'><strong>oppidi</strong></span> <span class='ocrx_word' id='word_1_55' title='bbox 762 716 885 769; x_wconf 79' lang='lat' dir='ltr'><strong>Bejar</strong></span> <span class='ocrx_word' id='word_1_56' title='bbox 915 717 953 753; x_wconf 92' lang='lat' dir='ltr'><strong>in</strong></span> <span class='ocrx_word' id='word_1_57' title='bbox 986 726 1112 768; x_wconf 83' lang='lat' dir='ltr'><strong>regno</strong></span> <span class='ocrx_word' id='word_1_58' title='bbox 1145 713 1403 767; x_wconf 55' lang='lat' dir='ltr'><strong>[legionensi</strong></span> <span class='ocrx_word' id='word_1_59' title='bbox 1441 713 1525 752; x_wconf 83' lang='lat' dir='ltr'><strong>Oct.</strong></span> <span class='ocrx_word' id='word_1_60' title='bbox 1560 726 1593 751; x_wconf 85' lang='lat' dir='ltr'><strong>c.</strong></span> <span class='ocrx_word' id='word_1_61' title='bbox 1624 712 1710 751; x_wconf 80' lang='lat' dir='ltr'><strong>flor.</strong></span> 
     </span>
    </p>

    <p class='ocr_par' dir='ltr' id='par_1_5' title="bbox 167 781 1515 833">
     <span class='ocr_line' id='line_1_11' title="bbox 167 781 1515 833; baseline -0.001 -11"><span class='ocrx_word' id='word_1_62' title='bbox 167 789 260 827; x_wconf 82' lang='grc'><strong>468.</strong></span> <span class='ocrx_word' id='word_1_63' title='bbox 324 784 365 824; x_wconf 81' lang='lat' dir='ltr'><strong>C.</strong></span> <span class='ocrx_word' id='word_1_64' title='bbox 399 784 636 833; x_wconf 75' lang='lat' dir='ltr'><strong>Calcitrapa</strong></span> <span class='ocrx_word' id='word_1_65' title='bbox 669 781 809 822; x_wconf 82' lang='lat' dir='ltr'><strong>Dufr.</strong></span> <span class='ocrx_word' id='word_1_66' title='bbox 842 807 890 814; x_wconf 85' lang='lat'><strong>-</strong></span> <span class='ocrx_word' id='word_1_67' title='bbox 927 782 985 823; x_wconf 74' lang='lat' dir='ltr'><strong>Pl.</strong></span> <span class='ocrx_word' id='word_1_68' title='bbox 1018 795 1102 823; x_wconf 69' lang='lat' dir='ltr'><strong>ers.</strong></span> <span class='ocrx_word' id='word_1_69' title='bbox 1135 781 1225 820; x_wconf 57' lang='lat' dir='ltr'><strong>colla</strong></span> <span class='ocrx_word' id='word_1_70' title='bbox 1259 793 1348 819; x_wconf 87' lang='lat' dir='ltr'><strong>ven.</strong></span> <span class='ocrx_word' id='word_1_71' title='bbox 1382 793 1418 821; x_wconf 78' lang='lat' dir='ltr'><strong>n.</strong></span> <span class='ocrx_word' id='word_1_72' title='bbox 1450 782 1515 820; x_wconf 73' lang='lat'><strong>97.</strong></span> 
     </span>
    </p>

    <p class='ocr_par' dir='ltr' id='par_1_6' title="bbox 57 846 1711 973">
     <span class='ocr_line' id='line_1_12' title="bbox 166 846 1711 905; baseline -0.005 -13"><span class='ocrx_word' id='word_1_73' title='bbox 166 853 210 892; x_wconf 76' lang='lat' dir='ltr'><strong>In</strong></span> <span class='ocrx_word' id='word_1_74' title='bbox 243 851 498 905; x_wconf 85' lang='lat' dir='ltr'><strong>rupestribus</strong></span> <span class='ocrx_word' id='word_1_75' title='bbox 529 851 735 903; x_wconf 84' lang='lat' dir='ltr'><strong>murisque</strong></span> <span class='ocrx_word' id='word_1_76' title='bbox 769 850 1008 893; x_wconf 72' lang='lat' dir='ltr'><strong>Cantabriae</strong></span> <span class='ocrx_word' id='word_1_77' title='bbox 1042 862 1153 887; x_wconf 77' lang='lat' dir='ltr'><strong>raro:</strong></span> <span class='ocrx_word' id='word_1_78' title='bbox 1186 861 1312 902; x_wconf 83' lang='lat' dir='ltr'><strong>prope</strong></span> <span class='ocrx_word' id='word_1_79' title='bbox 1344 846 1711 896; x_wconf 67' lang='lat' dir='ltr'><strong>Castro-Urdiales,</strong></span> 
     </span>
     <span class='ocr_line' id='line_1_13' title="bbox 57 916 737 973; baseline 0.001 -15"><span class='ocrx_word' id='word_1_80' title='bbox 57 919 215 969; x_wconf 65' lang='lat' dir='ltr'><strong>Babae,</strong></span> <span class='ocrx_word' id='word_1_81' title='bbox 247 920 412 959; x_wconf 81' lang='lat' dir='ltr'><strong>Tolosa.</strong></span> <span class='ocrx_word' id='word_1_82' title='bbox 448 918 555 973; x_wconf 76' lang='lat' dir='ltr'><strong>Majo</strong></span> <span class='ocrx_word' id='word_1_83' title='bbox 586 932 618 957; x_wconf 89' lang='lat' dir='ltr'><strong>c.</strong></span> <span class='ocrx_word' id='word_1_84' title='bbox 654 916 737 959; x_wconf 77' lang='lat' dir='ltr'><strong>flor.</strong></span> 
     </span>
    </p>

    <p class='ocr_par' dir='ltr' id='par_1_7' title="bbox 741 988 1009 1044">
     <span class='ocr_line' id='line_1_14' title="bbox 741 988 1009 1044; baseline 0.004 -18"><span class='ocrx_word' id='word_1_85' title='bbox 741 1041 747 1044; x_wconf 28' lang='lat'><em>.</em></span> <span class='ocrx_word' id='word_1_86' title='bbox 774 988 1009 1027; x_wconf 53' lang='lat' dir='ltr'><strong>Valeriana.</strong></span> 
     </span>
    </p>

    <p class='ocr_par' dir='ltr' id='par_1_8' title="bbox 171 1049 1708 1110">
     <span class='ocr_line' id='line_1_15' title="bbox 171 1049 1708 1110; baseline -0.006 -13"><span class='ocrx_word' id='word_1_87' title='bbox 171 1059 262 1097; x_wconf 82' lang='grc'>469.</span> <span class='ocrx_word' id='word_1_88' title='bbox 330 1055 376 1096; x_wconf 92' lang='lat' dir='ltr'><strong>V.</strong></span> <span class='ocrx_word' id='word_1_89' title='bbox 410 1054 637 1105; x_wconf 78' lang='lat' dir='ltr'><strong>officinalis</strong></span> <span class='ocrx_word' id='word_1_90' title='bbox 653 1055 697 1095; x_wconf 80' lang='lat' dir='ltr'><strong>L.</strong></span> <span class='ocrx_word' id='word_1_91' title='bbox 731 1049 878 1105; x_wconf 81' lang='lat' dir='ltr'><strong>Forma</strong></span> <span class='ocrx_word' id='word_1_92' title='bbox 901 1056 1078 1110; x_wconf 80' lang='lat' dir='ltr'><strong>gracilis,</strong></span> <span class='ocrx_word' id='word_1_93' title='bbox 1115 1054 1169 1094; x_wconf 79' lang='lat' dir='ltr'><strong>Pl.</strong></span> <span class='ocrx_word' id='word_1_94' title='bbox 1205 1067 1288 1092; x_wconf 76' lang='lat' dir='ltr'><strong>exs.</strong></span> <span class='ocrx_word' id='word_1_95' title='bbox 1320 1052 1409 1091; x_wconf 29' lang='lat' dir='ltr'><strong>coll*</strong></span> <span class='ocrx_word' id='word_1_96' title='bbox 1447 1063 1536 1092; x_wconf 81' lang='lat' dir='ltr'><strong>ven.</strong></span> <span class='ocrx_word' id='word_1_97' title='bbox 1570 1063 1607 1089; x_wconf 89' lang='lat' dir='ltr'><strong>n.</strong></span> <span class='ocrx_word' id='word_1_98' title='bbox 1640 1054 1708 1090; x_wconf 74' lang='lat'><strong>80.</strong></span> 
     </span>
    </p>

    <p class='ocr_par' dir='ltr' id='par_1_9' title="bbox 10 1119 1714 1247">
     <span class='ocr_line' id='line_1_16' title="bbox 147 1119 1714 1178; baseline -0.004 -16"><span class='ocrx_word' id='word_1_99' title='bbox 147 1123 216 1162; x_wconf 65' lang='lat' dir='ltr'><strong>*In</strong></span> <span class='ocrx_word' id='word_1_100' title='bbox 259 1124 493 1162; x_wconf 69' lang='lat' dir='ltr'><strong>nemoribus</strong></span> <span class='ocrx_word' id='word_1_101' title='bbox 537 1123 712 1163; x_wconf 87' lang='lat' dir='ltr'><strong>humidis</strong></span> <span class='ocrx_word' id='word_1_102' title='bbox 755 1125 829 1164; x_wconf 83' lang='lat' dir='ltr'><strong>sub</strong></span> <span class='ocrx_word' id='word_1_103' title='bbox 863 1124 1037 1163; x_wconf 83' lang='lat' dir='ltr'><strong>dumetis</strong></span> <span class='ocrx_word' id='word_1_104' title='bbox 1069 1135 1194 1178; x_wconf 78' lang='lat' dir='ltr'><strong>prope</strong></span> <span class='ocrx_word' id='word_1_105' title='bbox 1227 1120 1402 1159; x_wconf 64' lang='lat' dir='ltr'><strong>Galimlo</strong></span> <span class='ocrx_word' id='word_1_106' title='bbox 1434 1124 1474 1157; x_wconf 86' lang='lat' dir='ltr'><strong>et</strong></span> <span class='ocrx_word' id='word_1_107' title='bbox 1503 1119 1714 1159; x_wconf 86' lang='lat' dir='ltr'><strong>Somorro-</strong></span> 
     </span>
     <span class='ocr_line' id='line_1_17' title="bbox 10 1190 884 1247; baseline 0.002 -19"><span class='ocrx_word' id='word_1_108' title='bbox 10 1236 16 1247; x_wconf 44' lang='lat' dir='ltr'><em>l</em></span> <span class='ocrx_word' id='word_1_109' title='bbox 62 1194 145 1229; x_wconf 84' lang='lat' dir='ltr'><strong>stro</strong></span> <span class='ocrx_word' id='word_1_110' title='bbox 176 1190 216 1229; x_wconf 89' lang='lat' dir='ltr'><strong>in</strong></span> <span class='ocrx_word' id='word_1_111' title='bbox 248 1191 427 1243; x_wconf 80' lang='lat' dir='ltr'><strong>Vizcaya</strong></span> <span class='ocrx_word' id='word_1_112' title='bbox 458 1204 561 1229; x_wconf 79' lang='lat' dir='ltr'><strong>raro.</strong></span> <span class='ocrx_word' id='word_1_113' title='bbox 594 1191 701 1247; x_wconf 84' lang='lat' dir='ltr'><strong>Majo</strong></span> <span class='ocrx_word' id='word_1_114' title='bbox 733 1206 765 1231; x_wconf 87' lang='lat' dir='ltr'><strong>c.</strong></span> <span class='ocrx_word' id='word_1_115' title='bbox 799 1192 884 1231; x_wconf 85' lang='lat' dir='ltr'><strong>flor.</strong></span> 
     </span>
    </p>

    <p class='ocr_par' dir='ltr' id='par_1_10' title="bbox 61 1249 1714 1379">
     <span class='ocr_line' id='line_1_18' title="bbox 173 1249 1714 1314; baseline -0.012 -7"><span class='ocrx_word' id='word_1_116' title='bbox 173 1269 212 1307; x_wconf 68' lang='grc'><strong>7-</strong></span> <span class='ocrx_word' id='word_1_117' title='bbox 270 1258 545 1310; x_wconf 54' lang='grc' dir='ltr'><strong>αηέίαθῧῑῗθῖἰα</strong></span> <span class='ocrx_word' id='word_1_118' title='bbox 587 1258 739 1298; x_wconf 82' lang='lat' dir='ltr'><strong>Koch.</strong></span> <span class='ocrx_word' id='word_1_119' title='bbox 803 1259 880 1307; x_wconf 80' lang='lat' dir='ltr'><strong>(V.</strong></span> <span class='ocrx_word' id='word_1_120' title='bbox 920 1256 1187 1314; x_wconf 78' lang='lat' dir='ltr'><strong>angustifolia</strong></span> <span class='ocrx_word' id='word_1_121' title='bbox 1226 1255 1348 1297; x_wconf 86' lang='lat' dir='ltr'><strong>Tseh.</strong></span> <span class='ocrx_word' id='word_1_122' title='bbox 1388 1253 1517 1295; x_wconf 88' lang='lat' dir='ltr'><strong>Rchb.</strong></span> <span class='ocrx_word' id='word_1_123' title='bbox 1557 1251 1612 1291; x_wconf 85' lang='lat' dir='ltr'><strong>Ic.</strong></span> <span class='ocrx_word' id='word_1_124' title='bbox 1652 1249 1714 1289; x_wconf 76' lang='lat' dir='ltr'><strong>Fi.</strong></span> 
     </span>
     <span class='ocr_line' id='line_1_19' title="bbox 61 1323 1346 1379; baseline -0.002 -16"><span class='ocrx_word' id='word_1_125' title='bbox 61 1337 188 1379; x_wconf 88' lang='lat' dir='ltr'><strong>germ.</strong></span> <span class='ocrx_word' id='word_1_126' title='bbox 221 1324 310 1364; x_wconf 78' lang='lat' dir='ltr'>XII.</span> <span class='ocrx_word' id='word_1_127' title='bbox 344 1323 370 1366; x_wconf 86' lang='lat' dir='ltr'><strong>f.</strong></span> <span class='ocrx_word' id='word_1_128' title='bbox 406 1328 544 1371; x_wconf 79' lang='lat'>1433.)</span> <span class='ocrx_word' id='word_1_129' title='bbox 574 1350 627 1356; x_wconf 90' lang='lat'>—</span> <span class='ocrx_word' id='word_1_130' title='bbox 660 1327 717 1366; x_wconf 88' lang='lat' dir='ltr'><strong>Pl.</strong></span> <span class='ocrx_word' id='word_1_131' title='bbox 751 1340 835 1369; x_wconf 82' lang='lat' dir='ltr'><strong>exs,</strong></span> <span class='ocrx_word' id='word_1_132' title='bbox 868 1327 958 1366; x_wconf 90' lang='lat' dir='ltr'><strong>coll.</strong></span> <span class='ocrx_word' id='word_1_133' title='bbox 993 1339 1080 1366; x_wconf 83' lang='lat' dir='ltr'><strong>ven.</strong></span> <span class='ocrx_word' id='word_1_134' title='bbox 1115 1338 1150 1364; x_wconf 90' lang='lat' dir='ltr'><strong>n.</strong></span> <span class='ocrx_word' id='word_1_135' title='bbox 1184 1327 1276 1365; x_wconf 76' lang='lat'>577.</span> <span class='ocrx_word' id='word_1_136' title='bbox 1311 1323 1346 1362; x_wconf 90' lang='lat' dir='ltr'><strong>b.</strong></span> 
     </span>
    </p>

    <p class='ocr_par' dir='ltr' id='par_1_11' title="bbox 63 1387 1716 1568">
     <span class='ocr_line' id='line_1_20' title="bbox 168 1387 1715 1440; baseline -0.004 -10"><span class='ocrx_word' id='word_1_137' title='bbox 168 1391 213 1430; x_wconf 90' lang='lat' dir='ltr'><strong>In</strong></span> <span class='ocrx_word' id='word_1_138' title='bbox 255 1392 362 1431; x_wconf 86' lang='lat' dir='ltr'><strong>valle</strong></span> <span class='ocrx_word' id='word_1_139' title='bbox 402 1392 513 1432; x_wconf 88' lang='lat' dir='ltr'><strong>fluvii</strong></span> <span class='ocrx_word' id='word_1_140' title='bbox 554 1393 756 1433; x_wconf 85' lang='lat' dir='ltr'><strong>Bidassoa</strong></span> <span class='ocrx_word' id='word_1_141' title='bbox 796 1395 903 1433; x_wconf 87' lang='lat' dir='ltr'><strong>inter</strong></span> <span class='ocrx_word' id='word_1_142' title='bbox 934 1394 1043 1433; x_wconf 90' lang='lat' dir='ltr'><strong>Yrun</strong></span> <span class='ocrx_word' id='word_1_143' title='bbox 1084 1396 1123 1432; x_wconf 83' lang='lat' dir='ltr'><strong>et</strong></span> <span class='ocrx_word' id='word_1_144' title='bbox 1154 1392 1284 1440; x_wconf 81' lang='lat' dir='ltr'><strong>Vera,</strong></span> <span class='ocrx_word' id='word_1_145' title='bbox 1324 1389 1373 1429; x_wconf 80' lang='lat' dir='ltr'><strong>ad</strong></span> <span class='ocrx_word' id='word_1_146' title='bbox 1413 1388 1577 1428; x_wconf 86' lang='lat' dir='ltr'><strong>fluvium</strong></span> <span class='ocrx_word' id='word_1_147' title='bbox 1609 1387 1715 1439; x_wconf 87' lang='lat' dir='ltr'><strong>Arga</strong></span> 
     </span>
     <span class='ocr_line' id='line_1_21' title="bbox 63 1457 1716 1515; baseline -0.003 -17"><span class='ocrx_word' id='word_1_148' title='bbox 63 1471 189 1512; x_wconf 85' lang='lat' dir='ltr'><strong>prope</strong></span> <span class='ocrx_word' id='word_1_149' title='bbox 222 1459 346 1499; x_wconf 82' lang='lat' dir='ltr'><strong>Olave</strong></span> <span class='ocrx_word' id='word_1_150' title='bbox 387 1461 428 1499; x_wconf 89' lang='lat' dir='ltr'><strong>in</strong></span> <span class='ocrx_word' id='word_1_151' title='bbox 458 1460 658 1508; x_wconf 79' lang='lat' dir='ltr'><strong>Navarra,</strong></span> <span class='ocrx_word' id='word_1_152' title='bbox 701 1462 741 1500; x_wconf 91' lang='lat' dir='ltr'><strong>in</strong></span> <span class='ocrx_word' id='word_1_153' title='bbox 771 1461 919 1513; x_wconf 85' lang='lat' dir='ltr'><strong>Pyren.</strong></span> <span class='ocrx_word' id='word_1_154' title='bbox 952 1462 1072 1515; x_wconf 77' lang='lat' dir='ltr'><strong>Arag.</strong></span> <span class='ocrx_word' id='word_1_155' title='bbox 1113 1460 1163 1499; x_wconf 83' lang='lat' dir='ltr'><strong>ad</strong></span> <span class='ocrx_word' id='word_1_156' title='bbox 1201 1459 1368 1498; x_wconf 87' lang='lat' dir='ltr'><strong>fluvium</strong></span> <span class='ocrx_word' id='word_1_157' title='bbox 1407 1458 1569 1511; x_wconf 76' lang='lat' dir='ltr'><strong>Aragon</strong></span> <span class='ocrx_word' id='word_1_158' title='bbox 1610 1457 1716 1494; x_wconf 89' lang='lat' dir='ltr'><strong>inter</strong></span> 
     </span>
     <span class='ocr_line' id='line_1_22' title="bbox 63 1525 1302 1568; baseline -0.002 -2"><span class='ocrx_word' id='word_1_159' title='bbox 63 1525 264 1566; x_wconf 63' lang='lat' dir='ltr'><strong>(lanfranc</strong></span> <span class='ocrx_word' id='word_1_160' title='bbox 295 1532 336 1566; x_wconf 85' lang='lat' dir='ltr'><strong>et</strong></span> <span class='ocrx_word' id='word_1_161' title='bbox 366 1527 472 1566; x_wconf 80' lang='lat' dir='ltr'><strong>Casa</strong></span> <span class='ocrx_word' id='word_1_162' title='bbox 503 1527 552 1567; x_wconf 85' lang='lat' dir='ltr'><strong>de</strong></span> <span class='ocrx_word' id='word_1_163' title='bbox 583 1528 626 1568; x_wconf 90' lang='lat' dir='ltr'><strong>S.</strong></span> <span class='ocrx_word' id='word_1_164' title='bbox 661 1527 805 1568; x_wconf 76' lang='lat' dir='ltr'><strong>Anton.</strong></span> <span class='ocrx_word' id='word_1_165' title='bbox 839 1528 965 1568; x_wconf 86' lang='lat' dir='ltr'><strong>Junio</strong></span> <span class='ocrx_word' id='word_1_166' title='bbox 997 1542 1028 1567; x_wconf 89' lang='lat' dir='ltr'><strong>c.</strong></span> <span class='ocrx_word' id='word_1_167' title='bbox 1062 1527 1148 1567; x_wconf 85' lang='lat' dir='ltr'><strong>flor.</strong></span> <span class='ocrx_word' id='word_1_168' title='bbox 1184 1530 1224 1567; x_wconf 90' lang='lat' dir='ltr'><strong>et</strong></span> <span class='ocrx_word' id='word_1_169' title='bbox 1255 1525 1302 1565; x_wconf 84' lang='lat' dir='ltr'><strong>fr.</strong></span> 
     </span>
    </p>

    <p class='ocr_par' dir='ltr' id='par_1_12' title="bbox 60 1593 1716 1784">
     <span class='ocr_line' id='line_1_23' title="bbox 170 1593 1714 1646; baseline -0.002 -14"><span class='ocrx_word' id='word_1_170' title='bbox 170 1593 263 1635; x_wconf 76' lang='lat' dir='ltr'><strong>obs.</strong></span> <span class='ocrx_word' id='word_1_171' title='bbox 326 1594 549 1635; x_wconf 84' lang='lat' dir='ltr'><strong>Occurrunt</strong></span> <span class='ocrx_word' id='word_1_172' title='bbox 579 1595 900 1636; x_wconf 82' lang='lat' dir='ltr'><strong>innumerabiles</strong></span> <span class='ocrx_word' id='word_1_173' title='bbox 929 1594 1084 1634; x_wconf 85' lang='lat' dir='ltr'><strong>formae</strong></span> <span class='ocrx_word' id='word_1_174' title='bbox 1116 1593 1382 1635; x_wconf 77' lang='lat' dir='ltr'><strong>intermediae</strong></span> <span class='ocrx_word' id='word_1_175' title='bbox 1408 1594 1514 1632; x_wconf 87' lang='lat' dir='ltr'><strong>inter</strong></span> <span class='ocrx_word' id='word_1_176' title='bbox 1534 1593 1714 1646; x_wconf 77' lang='lat' dir='ltr'><strong>plantam</strong></span> 
     </span>
     <span class='ocr_line' id='line_1_24' title="bbox 60 1657 1716 1718; baseline -0.001 -19"><span class='ocrx_word' id='word_1_177' title='bbox 60 1662 281 1715; x_wconf 85' lang='lat' dir='ltr'><strong>genuinam</strong></span> <span class='ocrx_word' id='word_1_178' title='bbox 312 1666 353 1701; x_wconf 85' lang='lat' dir='ltr'><strong>et</strong></span> <span class='ocrx_word' id='word_1_179' title='bbox 383 1675 466 1703; x_wconf 78' lang='lat' dir='ltr'><strong>var.</strong></span> <span class='ocrx_word' id='word_1_180' title='bbox 499 1663 824 1718; x_wconf 82' lang='lat' dir='ltr'><strong>angustifoliam,</strong></span> <span class='ocrx_word' id='word_1_181' title='bbox 857 1663 1118 1717; x_wconf 84' lang='lat' dir='ltr'><strong>quamobrem</strong></span> <span class='ocrx_word' id='word_1_182' title='bbox 1153 1662 1202 1702; x_wconf 90' lang='lat' dir='ltr'><strong>V.</strong></span> <span class='ocrx_word' id='word_1_183' title='bbox 1235 1659 1510 1710; x_wconf 70' lang='lat' dir='ltr'><strong>anqustif&#39;olia</strong></span> <span class='ocrx_word' id='word_1_184' title='bbox 1541 1660 1590 1699; x_wconf 81' lang='lat' dir='ltr'><strong>ab</strong></span> <span class='ocrx_word' id='word_1_185' title='bbox 1622 1657 1716 1706; x_wconf 75' lang='lat' dir='ltr'><strong>offi-</strong></span> 
     </span>
     <span class='ocr_line' id='line_1_25' title="bbox 61 1727 935 1784; baseline 0.005 -18"><span class='ocrx_word' id='word_1_186' title='bbox 61 1730 190 1767; x_wconf 82' lang='lat' dir='ltr'><strong>cinali</strong></span> <span class='ocrx_word' id='word_1_187' title='bbox 219 1727 413 1782; x_wconf 80' lang='lat' dir='ltr'><strong>specifice</strong></span> <span class='ocrx_word' id='word_1_188' title='bbox 444 1729 642 1783; x_wconf 78' lang='lat' dir='ltr'><strong>distingui</strong></span> <span class='ocrx_word' id='word_1_189' title='bbox 675 1744 754 1770; x_wconf 91' lang='lat' dir='ltr'><strong>non</strong></span> <span class='ocrx_word' id='word_1_190' title='bbox 785 1735 935 1784; x_wconf 83' lang='lat' dir='ltr'><strong>potest.</strong></span> 
     </span>
    </p>

    <p class='ocr_par' dir='ltr' id='par_1_13' title="bbox 170 1794 1715 1852">
     <span class='ocr_line' id='line_1_26' title="bbox 170 1794 1715 1852; baseline -0.004 -13"><span class='ocrx_word' id='word_1_191' title='bbox 170 1798 261 1837; x_wconf 77' lang='grc'><strong>470.</strong></span> <span class='ocrx_word' id='word_1_192' title='bbox 330 1794 374 1838; x_wconf 83' lang='lat' dir='ltr'><strong>V.</strong></span> <span class='ocrx_word' id='word_1_193' title='bbox 406 1798 542 1836; x_wconf 67' lang='lat' dir='ltr'><strong>dioica</strong></span> <span class='ocrx_word' id='word_1_194' title='bbox 572 1797 612 1837; x_wconf 22' lang='lat' dir='ltr'><strong>L*</strong></span> <span class='ocrx_word' id='word_1_195' title='bbox 646 1798 793 1838; x_wconf 87' lang='lat' dir='ltr'><strong>Forma</strong></span> <span class='ocrx_word' id='word_1_196' title='bbox 823 1798 1002 1852; x_wconf 82' lang='lat' dir='ltr'><strong>gracilis,</strong></span> <span class='ocrx_word' id='word_1_197' title='bbox 1034 1821 1087 1825; x_wconf 89' lang='lat'>—</span> <span class='ocrx_word' id='word_1_198' title='bbox 1118 1797 1177 1836; x_wconf 87' lang='lat' dir='ltr'><strong>Pl.</strong></span> <span class='ocrx_word' id='word_1_199' title='bbox 1212 1810 1298 1836; x_wconf 84' lang='lat' dir='ltr'><strong>exs.</strong></span> <span class='ocrx_word' id='word_1_200' title='bbox 1331 1796 1421 1835; x_wconf 86' lang='lat' dir='ltr'><strong>coll.</strong></span> <span class='ocrx_word' id='word_1_201' title='bbox 1455 1807 1545 1833; x_wconf 80' lang='lat' dir='ltr'><strong>ven.</strong></span> <span class='ocrx_word' id='word_1_202' title='bbox 1580 1807 1617 1832; x_wconf 88' lang='lat' dir='ltr'><strong>n.</strong></span> <span class='ocrx_word' id='word_1_203' title='bbox 1649 1794 1715 1833; x_wconf 71' lang='lat'><strong>81.</strong></span> 
     </span>
    </p>

    <p class='ocr_par' dir='ltr' id='par_1_14' title="bbox 64 1859 1717 1985">
     <span class='ocr_line' id='line_1_27' title="bbox 175 1859 1717 1918; baseline -0.002 -17"><span class='ocrx_word' id='word_1_204' title='bbox 175 1861 220 1901; x_wconf 87' lang='lat' dir='ltr'><strong>In</strong></span> <span class='ocrx_word' id='word_1_205' title='bbox 252 1864 474 1918; x_wconf 85' lang='lat' dir='ltr'><strong>pinguibus</strong></span> <span class='ocrx_word' id='word_1_206' title='bbox 505 1867 709 1905; x_wconf 88' lang='lat' dir='ltr'><strong>muscosis</strong></span> <span class='ocrx_word' id='word_1_207' title='bbox 751 1865 926 1904; x_wconf 85' lang='lat' dir='ltr'><strong>humidis</strong></span> <span class='ocrx_word' id='word_1_208' title='bbox 967 1877 1176 1904; x_wconf 87' lang='lat' dir='ltr'><strong>nemorum</strong></span> <span class='ocrx_word' id='word_1_209' title='bbox 1207 1877 1334 1918; x_wconf 84' lang='lat' dir='ltr'><strong>prope</strong></span> <span class='ocrx_word' id='word_1_210' title='bbox 1365 1861 1539 1903; x_wconf 81' lang='lat' dir='ltr'><strong>Galindo</strong></span> <span class='ocrx_word' id='word_1_211' title='bbox 1572 1864 1612 1899; x_wconf 85' lang='lat' dir='ltr'><strong>et</strong></span> <span class='ocrx_word' id='word_1_212' title='bbox 1641 1859 1717 1898; x_wconf 77' lang='lat' dir='ltr'><strong>So·</strong></span> 
     </span>
     <span class='ocr_line' id='line_1_28' title="bbox 64 1927 1632 1985; baseline -0.003 -16"><span class='ocrx_word' id='word_1_213' title='bbox 64 1934 286 1969; x_wconf 85' lang='lat' dir='ltr'><strong>morrostro</strong></span> <span class='ocrx_word' id='word_1_214' title='bbox 319 1932 501 1984; x_wconf 86' lang='lat' dir='ltr'><strong>copiose,</strong></span> <span class='ocrx_word' id='word_1_215' title='bbox 533 1933 664 1972; x_wconf 80' lang='lat' dir='ltr'><strong>rarius</strong></span> <span class='ocrx_word' id='word_1_216' title='bbox 695 1934 802 1972; x_wconf 86' lang='lat' dir='ltr'><strong>circa</strong></span> <span class='ocrx_word' id='word_1_217' title='bbox 833 1933 1039 1985; x_wconf 81' lang='lat' dir='ltr'><strong>Sopuerta</strong></span> <span class='ocrx_word' id='word_1_218' title='bbox 1069 1935 1110 1970; x_wconf 87' lang='lat' dir='ltr'><strong>et</strong></span> <span class='ocrx_word' id='word_1_219' title='bbox 1140 1931 1308 1971; x_wconf 77' lang='lat' dir='ltr'><strong>Otanes.</strong></span> <span class='ocrx_word' id='word_1_220' title='bbox 1340 1929 1448 1985; x_wconf 81' lang='lat' dir='ltr'><strong>Majo</strong></span> <span class='ocrx_word' id='word_1_221' title='bbox 1481 1943 1513 1968; x_wconf 87' lang='lat' dir='ltr'><strong>c.</strong></span> <span class='ocrx_word' id='word_1_222' title='bbox 1547 1927 1632 1967; x_wconf 85' lang='lat' dir='ltr'><strong>flor.</strong></span> 
     </span>
    </p>

    <p class='ocr_par' dir='ltr' id='par_1_15' title="bbox 68 1993 1714 2107">
     <span class='ocr_line' id='line_1_29' title="bbox 169 1993 1714 2041; baseline -0.003 -4"><span class='ocrx_word' id='word_1_223' title='bbox 169 1999 263 2038; x_wconf 75' lang='lat'>471.</span> <span class='ocrx_word' id='word_1_224' title='bbox 332 1997 377 2039; x_wconf 87' lang='lat' dir='ltr'><strong>V.</strong></span> <span class='ocrx_word' id='word_1_225' title='bbox 406 2002 601 2039; x_wconf 78' lang='lat' dir='ltr'><strong>tuberosa</strong></span> <span class='ocrx_word' id='word_1_226' title='bbox 631 2000 673 2040; x_wconf 82' lang='lat' dir='ltr'><strong>L.</strong></span> <span class='ocrx_word' id='word_1_227' title='bbox 707 1999 836 2040; x_wconf 86' lang='lat' dir='ltr'><strong>Rchb.</strong></span> <span class='ocrx_word' id='word_1_228' title='bbox 871 2000 924 2041; x_wconf 89' lang='lat' dir='ltr'><strong>lc.</strong></span> <span class='ocrx_word' id='word_1_229' title='bbox 956 2000 979 2039; x_wconf 94' lang='lat' dir='ltr'><strong>l.</strong></span> <span class='ocrx_word' id='word_1_230' title='bbox 1014 2012 1047 2038; x_wconf 88' lang='lat' dir='ltr'><strong>c.</strong></span> <span class='ocrx_word' id='word_1_231' title='bbox 1079 1998 1105 2037; x_wconf 91' lang='lat' dir='ltr'><strong>f.</strong></span> <span class='ocrx_word' id='word_1_232' title='bbox 1146 2001 1265 2039; x_wconf 79' lang='lat'><strong>1426.</strong></span> <span class='ocrx_word' id='word_1_233' title='bbox 1313 2022 1365 2030; x_wconf 89' lang='lat'><strong>-—</strong></span> <span class='ocrx_word' id='word_1_234' title='bbox 1415 1997 1471 2037; x_wconf 85' lang='lat' dir='ltr'><strong>Pl.</strong></span> <span class='ocrx_word' id='word_1_235' title='bbox 1505 2008 1590 2035; x_wconf 82' lang='lat' dir='ltr'><strong>exs.</strong></span> <span class='ocrx_word' id='word_1_236' title='bbox 1623 1993 1714 2033; x_wconf 86' lang='lat' dir='ltr'><strong>coll.</strong></span> 
     </span>
     <span class='ocr_line' id='line_1_30' title="bbox 68 2068 356 2107; baseline 0.007 -5"><span class='ocrx_word' id='word_1_237' title='bbox 68 2076 156 2104; x_wconf 89' lang='lat' dir='ltr'><strong>ven.</strong></span> <span class='ocrx_word' id='word_1_238' title='bbox 191 2077 230 2104; x_wconf 93' lang='lat' dir='ltr'><strong>n.</strong></span> <span class='ocrx_word' id='word_1_239' title='bbox 263 2068 356 2107; x_wconf 80' lang='lat'><strong>292.</strong></span> 
     </span>
    </p>

    <p class='ocr_par' dir='ltr' id='par_1_16' title="bbox 64 2130 1722 2308">
     <span class='ocr_line' id='line_1_31' title="bbox 176 2130 1719 2188; baseline -0.002 -18"><span class='ocrx_word' id='word_1_240' title='bbox 176 2131 222 2171; x_wconf 88' lang='lat' dir='ltr'><strong>In</strong></span> <span class='ocrx_word' id='word_1_241' title='bbox 261 2130 424 2172; x_wconf 88' lang='lat' dir='ltr'><strong>fissuris</strong></span> <span class='ocrx_word' id='word_1_242' title='bbox 462 2135 622 2188; x_wconf 87' lang='lat' dir='ltr'><strong>rupium</strong></span> <span class='ocrx_word' id='word_1_243' title='bbox 662 2135 703 2174; x_wconf 89' lang='lat' dir='ltr'><strong>in</strong></span> <span class='ocrx_word' id='word_1_244' title='bbox 744 2136 955 2175; x_wconf 84' lang='lat' dir='ltr'><strong>cacumine</strong></span> <span class='ocrx_word' id='word_1_245' title='bbox 998 2135 1147 2173; x_wconf 83' lang='lat' dir='ltr'><strong>montis</strong></span> <span class='ocrx_word' id='word_1_246' title='bbox 1189 2133 1300 2173; x_wconf 86' lang='lat' dir='ltr'><strong>Pena</strong></span> <span class='ocrx_word' id='word_1_247' title='bbox 1339 2130 1399 2181; x_wconf 25' lang='lat' dir='ltr'><strong>dee</strong></span> <span class='ocrx_word' id='word_1_248' title='bbox 1429 2130 1550 2171; x_wconf 62' lang='lat' dir='ltr'><strong>Oroel</strong></span> <span class='ocrx_word' id='word_1_249' title='bbox 1591 2140 1719 2182; x_wconf 85' lang='lat' dir='ltr'><strong>prope</strong></span> 
     </span>
     <span class='ocr_line' id='line_1_32' title="bbox 65 2195 1722 2257; baseline 0.001 -20"><span class='ocrx_word' id='word_1_250' title='bbox 65 2197 170 2238; x_wconf 82' lang='lat' dir='ltr'><strong>Jaca</strong></span> <span class='ocrx_word' id='word_1_251' title='bbox 208 2210 329 2247; x_wconf 57' lang='grc' dir='ltr'><strong>τῆνος</strong></span> <span class='ocrx_word' id='word_1_252' title='bbox 366 2201 408 2240; x_wconf 89' lang='lat' dir='ltr'><strong>in</strong></span> <span class='ocrx_word' id='word_1_253' title='bbox 439 2201 745 2254; x_wconf 83' lang='lat' dir='ltr'><strong>Pyrenaeorum</strong></span> <span class='ocrx_word' id='word_1_254' title='bbox 776 2203 896 2257; x_wconf 81' lang='lat' dir='ltr'><strong>Arag.</strong></span> <span class='ocrx_word' id='word_1_255' title='bbox 938 2202 1045 2242; x_wconf 75' lang='lat' dir='ltr'><strong>valle</strong></span> <span class='ocrx_word' id='word_1_256' title='bbox 1076 2200 1167 2240; x_wconf 82' lang='lat' dir='ltr'><strong>lzas</strong></span> <span class='ocrx_word' id='word_1_257' title='bbox 1197 2200 1247 2240; x_wconf 80' lang='lat' dir='ltr'><strong>ad</strong></span> <span class='ocrx_word' id='word_1_258' title='bbox 1276 2200 1343 2240; x_wconf 79' lang='lat' dir='ltr'><strong>alt.</strong></span> <span class='ocrx_word' id='word_1_259' title='bbox 1377 2198 1503 2240; x_wconf 86' lang='lat'>5000¹</span> <span class='ocrx_word' id='word_1_260' title='bbox 1532 2195 1722 2250; x_wconf 82' lang='lat' dir='ltr'><strong>frequen-</strong></span> 
     </span>
     <span class='ocr_line' id='line_1_33' title="bbox 64 2266 648 2308; baseline 0.005 -3"><span class='ocrx_word' id='word_1_261' title='bbox 64 2267 155 2305; x_wconf 67' lang='lat' dir='ltr'><strong>tiora</strong></span> <span class='ocrx_word' id='word_1_262' title='bbox 190 2266 316 2306; x_wconf 88' lang='lat' dir='ltr'><strong>Junio</strong></span> <span class='ocrx_word' id='word_1_263' title='bbox 348 2281 382 2308; x_wconf 88' lang='lat' dir='ltr'><strong>c.</strong></span> <span class='ocrx_word' id='word_1_264' title='bbox 414 2267 500 2307; x_wconf 86' lang='lat' dir='ltr'><strong>flor.</strong></span> <span class='ocrx_word' id='word_1_265' title='bbox 532 2272 573 2308; x_wconf 83' lang='lat' dir='ltr'><strong>et</strong></span> <span class='ocrx_word' id='word_1_266' title='bbox 601 2268 648 2308; x_wconf 90' lang='lat' dir='ltr'><strong>fr.</strong></span> 
     </span>
    </p>
   </div>
   <div class='ocr_carea' id='block_1_3' title="bbox 67 2332 1725 2796">
    <p class='ocr_par' dir='ltr' id='par_1_17' title="bbox 67 2332 1722 2453">
     <span class='ocr_line' id='line_1_34' title="bbox 179 2332 1722 2390; baseline -0.001 -16"><span class='ocrx_word' id='word_1_267' title='bbox 179 2337 272 2376; x_wconf 83' lang='lat'><strong>472.</strong></span> <span class='ocrx_word' id='word_1_268' title='bbox 338 2335 385 2374; x_wconf 82' lang='lat' dir='ltr'><strong>V.</strong></span> <span class='ocrx_word' id='word_1_269' title='bbox 416 2337 636 2389; x_wconf 75' lang='lat' dir='ltr'><strong>lonyislora</strong></span> <span class='ocrx_word' id='word_1_270' title='bbox 666 2348 706 2376; x_wconf 79' lang='lat' dir='ltr'><strong>n.</strong></span> <span class='ocrx_word' id='word_1_271' title='bbox 739 2349 802 2387; x_wconf 71' lang='lat' dir='ltr'><strong>sp.</strong></span> <span class='ocrx_word' id='word_1_272' title='bbox 864 2338 928 2379; x_wconf 82' lang='lat' dir='ltr'><strong>(V.</strong></span> <span class='ocrx_word' id='word_1_273' title='bbox 963 2350 1139 2390; x_wconf 78' lang='lat' dir='ltr'><strong>exscapa</strong></span> <span class='ocrx_word' id='word_1_274' title='bbox 1169 2351 1207 2377; x_wconf 90' lang='lat' dir='ltr'><strong>n.</strong></span> <span class='ocrx_word' id='word_1_275' title='bbox 1240 2350 1299 2390; x_wconf 78' lang='lat' dir='ltr'><strong>sp.</strong></span> <span class='ocrx_word' id='word_1_276' title='bbox 1332 2333 1550 2375; x_wconf 84' lang='lat' dir='ltr'><strong>in·Sched.</strong></span> <span class='ocrx_word' id='word_1_277' title='bbox 1583 2332 1632 2373; x_wconf 84' lang='lat' dir='ltr'><strong>ad</strong></span> <span class='ocrx_word' id='word_1_278' title='bbox 1662 2332 1722 2372; x_wconf 92' lang='lat' dir='ltr'><strong>Pl.</strong></span> 
     </span>
     <span class='ocr_line' id='line_1_35' title="bbox 67 2402 1175 2453; baseline 0.006 -12"><span class='ocrx_word' id='word_1_279' title='bbox 67 2415 152 2441; x_wconf 85' lang='lat' dir='ltr'><strong>exs.</strong></span> <span class='ocrx_word' id='word_1_280' title='bbox 185 2402 276 2442; x_wconf 86' lang='lat' dir='ltr'><strong>coll.</strong></span> <span class='ocrx_word' id='word_1_281' title='bbox 310 2415 400 2445; x_wconf 81' lang='lat' dir='ltr'><strong>ven.</strong></span> <span class='ocrx_word' id='word_1_282' title='bbox 432 2417 470 2443; x_wconf 90' lang='lat' dir='ltr'><strong>n.</strong></span> <span class='ocrx_word' id='word_1_283' title='bbox 503 2406 619 2453; x_wconf 83' lang='lat'>386.)</span> <span class='ocrx_word' id='word_1_284' title='bbox 1171 2408 1175 2409; x_wconf 47' lang='lat'><em>⁷</em></span> 
     </span>
    </p>

    <p class='ocr_par' dir='ltr' id='par_1_18' title="bbox 69 2469 1725 2796">
     <span class='ocr_line' id='line_1_36' title="bbox 179 2469 1725 2527; baseline -0.001 -18"><span class='ocrx_word' id='word_1_285' title='bbox 179 2470 403 2520; x_wconf 78' lang='lat' dir='ltr'><strong>Perennis,</strong></span> <span class='ocrx_word' id='word_1_286' title='bbox 445 2470 554 2510; x_wconf 88' lang='lat' dir='ltr'><strong>foliis</strong></span> <span class='ocrx_word' id='word_1_287' title='bbox 595 2469 786 2511; x_wconf 86' lang='lat' dir='ltr'><strong>omnibus</strong></span> <span class='ocrx_word' id='word_1_288' title='bbox 824 2473 1101 2527; x_wconf 80' lang='lat' dir='ltr'><strong>integerrimis</strong></span> <span class='ocrx_word' id='word_1_289' title='bbox 1133 2476 1251 2513; x_wconf 82' lang='lat' dir='ltr'><strong>ovato</strong></span> <span class='ocrx_word' id='word_1_290' title='bbox 1272 2470 1535 2512; x_wconf 84' lang='lat' dir='ltr'><strong>subrotundis</strong></span> <span class='ocrx_word' id='word_1_291' title='bbox 1567 2469 1725 2510; x_wconf 81' lang='lat' dir='ltr'><strong>obtusis</strong></span> 
     </span>
     <span class='ocr_line' id='line_1_37' title="bbox 69 2537 1724 2592; baseline 0.001 -17"><span class='ocrx_word' id='word_1_292' title='bbox 69 2537 192 2591; x_wconf 88' lang='lat' dir='ltr'><strong>longe</strong></span> <span class='ocrx_word' id='word_1_293' title='bbox 223 2538 431 2589; x_wconf 82' lang='lat' dir='ltr'><strong>petiolatis</strong></span> <span class='ocrx_word' id='word_1_294' title='bbox 457 2538 508 2577; x_wconf 82' lang='lat' dir='ltr'><strong>ad</strong></span> <span class='ocrx_word' id='word_1_295' title='bbox 532 2539 673 2592; x_wconf 82' lang='lat' dir='ltr'><strong>apices</strong></span> <span class='ocrx_word' id='word_1_296' title='bbox 689 2551 891 2579; x_wconf 84' lang='lat' dir='ltr'><strong>ramorum</strong></span> <span class='ocrx_word' id='word_1_297' title='bbox 923 2539 1161 2579; x_wconf 83' lang='lat' dir='ltr'><strong>rhizomatis</strong></span> <span class='ocrx_word' id='word_1_298' title='bbox 1183 2540 1402 2587; x_wconf 85' lang='lat' dir='ltr'><strong>rosulatis;</strong></span> <span class='ocrx_word' id='word_1_299' title='bbox 1434 2538 1619 2578; x_wconf 86' lang='lat' dir='ltr'><strong>caulibus</strong></span> <span class='ocrx_word' id='word_1_300' title='bbox 1636 2538 1724 2577; x_wconf 84' lang='lat' dir='ltr'><strong>bre-</strong></span> 
     </span>
     <span class='ocr_line' id='line_1_38' title="bbox 70 2604 1725 2659; baseline 0.001 -16"><span class='ocrx_word' id='word_1_301' title='bbox 70 2605 253 2644; x_wconf 89' lang='lat' dir='ltr'><strong>vissimis</strong></span> <span class='ocrx_word' id='word_1_302' title='bbox 283 2606 389 2644; x_wconf 89' lang='lat' dir='ltr'><strong>inter</strong></span> <span class='ocrx_word' id='word_1_303' title='bbox 418 2604 518 2644; x_wconf 84' lang='lat' dir='ltr'><strong>folia</strong></span> <span class='ocrx_word' id='word_1_304' title='bbox 546 2604 744 2646; x_wconf 81' lang='lat' dir='ltr'><strong>radicalia</strong></span> <span class='ocrx_word' id='word_1_305' title='bbox 775 2607 968 2656; x_wconf 85' lang='lat' dir='ltr'><strong>occultis,</strong></span> <span class='ocrx_word' id='word_1_306' title='bbox 1002 2608 1169 2647; x_wconf 86' lang='lat' dir='ltr'><strong>floribus</strong></span> <span class='ocrx_word' id='word_1_307' title='bbox 1201 2607 1419 2648; x_wconf 86' lang='lat' dir='ltr'><strong>sessilibus</strong></span> <span class='ocrx_word' id='word_1_308' title='bbox 1449 2606 1630 2659; x_wconf 86' lang='lat' dir='ltr'><strong>eymosis</strong></span> <span class='ocrx_word' id='word_1_309' title='bbox 1661 2605 1725 2644; x_wconf 90' lang='lat' dir='ltr'><strong>vel</strong></span> 
     </span>
     <span class='ocr_line' id='line_1_39' title="bbox 69 2671 1725 2728; baseline 0.001 -18"><span class='ocrx_word' id='word_1_310' title='bbox 69 2671 332 2727; x_wconf 81' lang='lat' dir='ltr'><strong>glomeratis3</strong></span> <span class='ocrx_word' id='word_1_311' title='bbox 364 2673 541 2712; x_wconf 79' lang='lat' dir='ltr'><strong>bracteis</strong></span> <span class='ocrx_word' id='word_1_312' title='bbox 573 2673 815 2713; x_wconf 80' lang='lat' dir='ltr'><strong>lanceolatis</strong></span> <span class='ocrx_word' id='word_1_313' title='bbox 845 2674 1000 2728; x_wconf 80' lang='lat' dir='ltr'><strong>glabris</strong></span> <span class='ocrx_word' id='word_1_314' title='bbox 1031 2674 1230 2715; x_wconf 87' lang='lat' dir='ltr'><strong>fructibus</strong></span> <span class='ocrx_word' id='word_1_315' title='bbox 1261 2673 1528 2722; x_wconf 81' lang='lat' dir='ltr'><strong>brevioribus,</strong></span> <span class='ocrx_word' id='word_1_316' title='bbox 1560 2672 1725 2711; x_wconf 85' lang='lat' dir='ltr'><strong>corollis</strong></span> 
     </span>
     <span class='ocr_line' id='line_1_40' title="bbox 70 2738 1724 2796; baseline 0.001 -19"><span class='ocrx_word' id='word_1_317' title='bbox 70 2739 349 2792; x_wconf 84' lang='lat' dir='ltr'><strong>longissimis,</strong></span> <span class='ocrx_word' id='word_1_318' title='bbox 389 2738 589 2779; x_wconf 84' lang='lat' dir='ltr'><strong>fructibus</strong></span> <span class='ocrx_word' id='word_1_319' title='bbox 630 2740 981 2796; x_wconf 28' lang='lat' dir='ltr'><strong>ovato-oblongis*</strong></span> <span class='ocrx_word' id='word_1_320' title='bbox 1015 2743 1263 2795; x_wconf 82' lang='lat' dir='ltr'><strong>compressis</strong></span> <span class='ocrx_word' id='word_1_321' title='bbox 1302 2740 1481 2794; x_wconf 79' lang='lat' dir='ltr'><strong>glabris,</strong></span> <span class='ocrx_word' id='word_1_322' title='bbox 1523 2740 1564 2778; x_wconf 92' lang='lat' dir='ltr'><strong>in</strong></span> <span class='ocrx_word' id='word_1_323' title='bbox 1594 2739 1724 2779; x_wconf 80' lang='lat' dir='ltr'><strong>latere</strong></span> 
     </span>
    </p>
   </div>
   <div class='ocr_carea' id='block_1_4' title="bbox 68 2804 1725 2915">
    <p class='ocr_par' dir='ltr' id='par_1_19' title="bbox 68 2804 1725 2915">
     <span class='ocr_line' id='line_1_41' title="bbox 69 2804 1725 2865; baseline 0 -18"><span class='ocrx_word' id='word_1_324' title='bbox 69 2807 222 2847; x_wconf 80' lang='lat' dir='ltr'><strong>dorsali</strong></span> <span class='ocrx_word' id='word_1_325' title='bbox 254 2810 368 2846; x_wconf 85' lang='lat' dir='ltr'><strong>costa</strong></span> <span class='ocrx_word' id='word_1_326' title='bbox 399 2808 520 2848; x_wconf 84' lang='lat' dir='ltr'><strong>unica</strong></span> <span class='ocrx_word' id='word_1_327' title='bbox 548 2804 750 2858; x_wconf 84' lang='lat' dir='ltr'><strong>filiformi,</strong></span> <span class='ocrx_word' id='word_1_328' title='bbox 783 2809 824 2848; x_wconf 88' lang='lat' dir='ltr'><strong>in</strong></span> <span class='ocrx_word' id='word_1_329' title='bbox 855 2809 983 2850; x_wconf 85' lang='lat' dir='ltr'><strong>latere</strong></span> <span class='ocrx_word' id='word_1_330' title='bbox 1014 2810 1204 2865; x_wconf 86' lang='lat' dir='ltr'><strong>opposito</strong></span> <span class='ocrx_word' id='word_1_331' title='bbox 1236 2810 1361 2849; x_wconf 87' lang='lat' dir='ltr'><strong>costis</strong></span> <span class='ocrx_word' id='word_1_332' title='bbox 1393 2808 1523 2848; x_wconf 84' lang='lat' dir='ltr'><strong>tribus</strong></span> <span class='ocrx_word' id='word_1_333' title='bbox 1553 2808 1725 2862; x_wconf 82' lang='lat' dir='ltr'><strong>paralle-</strong></span> 
     </span>
     <span class='ocr_line' id='line_1_42' title="bbox 68 2874 375 2915; baseline -0.003 -1"><span class='ocrx_word' id='word_1_334' title='bbox 68 2874 122 2915; x_wconf 86' lang='lat' dir='ltr'><strong>lis</strong></span> <span class='ocrx_word' id='word_1_335' title='bbox 150 2875 375 2915; x_wconf 87' lang='lat' dir='ltr'><strong>instructis.</strong></span> 
     </span>
    </p>
   </div>
  </div>
 </body>
</html>
