1867 3215
1645 77 1710 122 75

59 211 138 254 que
177 197 329 240 habitu.
386 197 621 252 Specimina
660 197 845 255 eJusdem
884 200 1039 254 speciei
1076 200 1120 240 in
1169 198 1281 243 herb.
1312 199 1595 244 Boutelouano
1632 203 1709 245 sub

62 266 227 307 nomine
256 267 305 307 A.
336 268 613 318 arayonensis
639 267 792 308 Asso!
824 270 1039 308 asservata
1068 271 1176 308 sunt.

814 333 959 373 Bellis.
1121 326 1126 330 ’

166 403 259 443 493.
318 400 371 441 B.
401 412 545 440 annua
572 400 617 444 L.
647 423 702 432 —
730 400 790 442 Pl.
823 413 910 443 exs.
942 401 1034 441 coll.
1066 413 1158 442 ven.
1189 413 1230 442 n.
1261 401 1328 445 24.

167 467 215 507 In
244 469 506 523 graminosis,
534 469 727 522 pascuis,
759 467 932 508 collibus
963 469 1115 522 apricis
1146 468 1414 521 Cantabriae,
1446 482 1483 510 v.
1516 483 1549 510 c.
1580 483 1710 525 prope

58 533 168 575 Yrun
200 535 379 588 copiose.
411 536 505 589 Apr.
536 534 646 589 MaJ'o
673 549 706 575 c.
739 534 827 575 flor.

170 600 265 642 Var.
297 605 466 643 dentata
497 602 540 642 G.
571 602 619 643 Η
650 600 861 642 Schultz
890 601 980 655 Bip
1012 600 1074 652 (B.
1108 600 1276 643 dentata
1304 602 1389 643 Dc,
1417 603 1555 645 Prodr
1588 605 1635 646 V.
1668 619 1706 659 p.

56 671 170 716 304.)
201 668 360 710 Crescit
389 670 619 722 promiscue
647 682 736 709 cum
767 668 907 723 planta
937 670 1118 723 genuina
1147 668 1293 709 iisdem
1323 670 1439 711 locis

166 739 259 778 494.
320 736 372 777 Β.
402 738 598 787 perennis
627 735 671 776 L.

98 793 102 800 ²
163 804 209 844 ln
239 806 418 859 pascuis,
448 805 636 845 arenosis
665 804 950 860 glareosisque
980 803 1179 843 montium
1209 804 1533 846 cantabricarum
1565 811 1607 848 et
1628 809 1707 862 Py-

57 885 298 913 renaeorum
330 885 460 926 usque
491 871 541 911 ad
571 872 640 912 alt.
672 874 797 913 3000‘
828 871 1017 925 copiose,
1063 871 1197 910 rarius
1226 872 1267 911 in
1300 885 1405 913 zona
1433 874 1586 914 litorali
1614 888 1706 915 can-

56 939 223 980 tabrica.
283 938 701 994 April.—Decembr.
734 952 767 979 c.
797 938 885 978 flor.

163 1009 256 1049 495.
315 1006 368 1047 Β.
399 1009 603 1047 silvestris
633 1005 743 1059 Cyr.
785 1019 867 1046 var.
899 1017 1079 1046 arenosa
1109 1005 1153 1046 G.
1185 1005 1233 1046 Η.
1264 1006 1491 1049 Schultz
1532 1009 1621 1063 Bip.
1661 1011 1703 1050 in

51 1075 127 1115 litt.
157 1073 309 1114 Differt
339 1088 363 1114 a
392 1075 531 1130 specie
563 1074 748 1115 caulibus
778 1075 1009 1115 numerosis
1038 1072 1221 1124 diffusis,
1253 1077 1391 1130 scapis
1420 1075 1706 1119 humilioribus

48 1141 441 1197 gracilioribusque,
480 1141 591 1182 foliis
630 1142 938 1198 angustioribus
969 1141 1326 1193 inciso-dentatis,
1359 1144 1550 1198 capitulis
1581 1143 1704 1200 duplo

52 1209 278 1250 minoribus
308 1213 385 1249 etc.

162 1277 208 1317 In
239 1277 429 1317 arenosis
457 1277 498 1317 in
529 1277 637 1317 valle
666 1276 718 1318 de
735 1276 892 1331 Loyola
921 1290 1049 1332 prope
1065 1278 1105 1318 S.
1126 1277 1348 1319 Sebastian
1378 1278 1548 1332 passim.
1592 1278 1703 1334 Majo

51 1358 84 1386 c.
117 1344 203 1385 flor.
238 1349 279 1385 et
309 1343 356 1387 fr.

160 1412 255 1453 Var.
284 1422 489 1465 pquaea
518 1412 558 1452 C.
590 1410 637 1452 H.
669 1411 882 1453 Schultz
915 1412 1004 1467 Bip.
1036 1413 1077 1452 in
1107 1412 1182 1453 litt.
1238 1412 1387 1454 Planta
1416 1413 1586 1468 parvula
1615 1427 1704 1456 sca-

49 1480 115 1535 pis
145 1480 409 1534 pollicaribus
439 1480 505 1520 vel
535 1480 670 1534 paullo
703 1480 933 1523 altioribus}

160 1546 206 1587 In
237 1548 404 1601 pascuis
445 1548 566 1587 siccis
597 1562 724 1603 prope
755 1548 1039 1590 Dente-Rubio
1069 1547 1176 1590 haud
1205 1547 1345 1603 procul
1375 1547 1426 1589 ab
1456 1548 1557 1591 urbe
1587 1549 1701 1591 Sala-

50 1627 205 1656 manca.
240 1614 398 1655 Octobr.
430 1627 463 1655 c.
496 1613 584 1655 flor.

782 1682 969 1726 Senecio.

157 1753 250 1792 496.
312 1748 357 1790 S.
389 1752 577 1799 vulyaris
606 1750 649 1791 L.

157 1816 205 1856 lu
236 1817 357 1857 cultis
389 1816 649 1869 Cantabriae,
679 1817 900 1865 Navarrae,
933 1817 1165 1873 Aragoniae
1194 1817 1366 1872 passim,
1393 1840 1447 1847 —-
1470 1831 1545 1873 per
1574 1820 1700 1859 totam

48 1884 300 1939 Hispaniam.
333 1885 457 1940 Majo,
488 1886 613 1926 Junio
645 1899 677 1927 c.
708 1884 794 1925 flor.
827 1889 867 1924 et
898 1883 944 1925 fr.

46 1956 50 1957 ⁷
158 1955 251 1994 497.
310 1952 356 1995 S.
385 1955 566 2006 qallz‘cus
595 1953 770 1993 Chaix.
801 1978 856 1985 --
885 1953 943 1993 Pl.
974 1966 1059 1994 exs.
1093 1953 1185 1993 coll.
1218 1965 1309 1993 ven.
1341 1966 1381 1993 n.
1412 1956 1507 1995 449.

158 2018 345 2060 Abundat
381 2021 423 2059 in
462 2022 574 2076 agris
603 2021 1023 2076 argilloso-arenosis,
1054 2020 1281 2072 ruderatis,
1314 2021 1524 2062 sterilibus
1553 2021 1700 2077 Hispa-

43 2087 138 2127 niae
168 2088 543 2128 austro-orientalis
573 2092 614 2128 et
643 2089 837 2128 centralis
867 2087 918 2128 ad
949 2088 1018 2128 alt.
1052 2090 1282 2130 1—4oo0‘:
1313 2102 1441 2143 prope
1466 2089 1627 2130 Daroca
1657 2092 1698 2131 in

43 2155 249 2210 Aragonia
279 2155 450 2194 australi
479 2157 667 2208 copiose3
700 2157 807 2196 circa
831 2155 1032 2209 Layuuta,
1062 2155 1219 2196 Melina
1247 2155 1297 2195 de
1313 2156 1490 2210 Aragon,
1521 2156 1698 2207 Guenca,

45 2221 267 2275 Requena,
300 2221 559 2272 Tarrancon,
590 2222 834 2272 Madritum,
867 2223 1054 2262 Toletum
1087 2226 1127 2262 et
1158 2222 1255 2262 alibi
1286 2224 1326 2262 in
1358 2222 1538 2263 Castella
1567 2237 1696 2275 nova3

47 2289 155 2328 circa
184 2290 391 2344 Segovia,
426 2290 681 2338 Penaranda,
713 2291 972 2340 Salamanca,
1002 2290 1126 2345 Bejar
1155 2291 1195 2329 in
1228 2289 1409 2331 Castella
1439 2294 1578 2331 vetere
1606 2305 1698 2348 reg-

46 2368 180 2410 noque
213 2354 494 2412 Legionensi;
525 2371 652 2412 prope
676 2358 893 2398 Plasencia
925 2361 966 2397 et
996 2357 1091 2398 alibi
1122 2358 1163 2398 in
1192 2357 1496 2398 Extremadura.
1529 2358 1700 2400 Julio—f-

47 2423 132 2463 Oct.
165 2437 197 2464 c.
230 2423 316 2463 flor.
350 2428 390 2464 et
420 2423 467 2466 fr.

158 2491 251 2530 Var.
283 2492 485 2530 livescens
515 2491 559 2531 G
592 2492 640 2533 Η.
674 2493 889 2533 Schultz
921 2492 1009 2546 Rip
1051 2493 1092 2532 in
1124 2493 1226 2533 litt.
1262 2492 1456 2534 Gaulibus
1486 2494 1699 2535 crebriori-

45 2557 122 2597 bus
160 2557 498 2611 brevioribusque
536 2561 743 2612 caespites
784 2559 936 2599 densos
978 2558 1147 2614 pedales
1177 2562 1545 2611 constituentibus,
1586 2560 1698 2602 foliis

46 2612 318 2653 crassioribus
346 2613 720 2668 glaucescentibus,
751 2615 941 2668 capitulis
969 2616 1204 2671 majoribus.

112 2668 201 2764 ssln
231 2669 440 2764 angllosis
471 2671 681 2711 sterilibus
713 2684 840 2726 prope
870 2671 1020 2712 Teruel
1051 2673 1092 2713 in
1127 2673 1333 2728 Aragonia
1362 2672 1547 2713 australi.
1593 2673 1695 2728 Aug

47 2737 81 2765 c
145 2737 188 2763 or
232 2738 254 2763 e
319 2738 337 2764 ι·

155 2782 249 2821 498.
312 2778 358 2819 S.
390 2781 765 2831 artemisiaefolius
803 2782 947 2826 Pers.
988 2782 1071 2823 Dc
1114 2782 1252 2825 Prodi·
1295 2783 1361 2824 Vl.
1403 2797 1442 2838 p.
1480 2786 1575 2825 348.
1614 2797 1697 2824 var.

44 2837 308 2875 discoideus.
346 2835 530 2877 flosculis
569 2839 757 2880 omnibus
797 2838 1025 2890 tubulosis,
1069 2840 1260 2893 capitulis
1288 2840 1524 2895 majoribus.
1555 2860 1609 2871 —
1637 2840 1698 2884 ΡΙ.

46 2904 136 2934 exs
169 2892 262 2937 coll
291 2905 382 2938 ven.
414 2906 452 2936 n
484 2895 578 2938 555

1363 2971 1433 3010 10*
