1867 3215
167 73 261 120 120

867 194 1109 249 Oriqanum.

274 263 367 303 799.
427 255 474 296 0.
504 258 648 296 virens
677 258 963 315 nffgg.1.k.
1022 260 1082 302 ΡΙ.
1126 264 1226 314 prot.
1268 264 1294 299 t.
1336 262 1372 301 9.
1413 281 1465 289 --
1503 258 1562 300 Pl.
1599 272 1684 300 exs.
1717 259 1808 299 coll.

161 343 250 372 ven.
284 341 320 367 n.
352 327 448 366 433.

279 392 336 436 Ad
367 389 644 445 aquaeductus
676 393 782 433 inter
813 393 934 448 BorJ‘a
965 400 1006 435 et
1036 395 1165 445 Bera,
1208 395 1312 434 circa
1343 393 1542 433 Carinena
1579 396 1619 433 et
1651 393 1807 432 Daroca

165 470 205 506 et
245 461 343 503 alibi
384 460 425 498 in
458 457 661 512 Aragonia
693 459 907 510 inferiore3
948 464 986 501 in
1025 475 1153 516 regno
1183 462 1393 502 valentino
1424 459 1473 499 ad
1505 458 1641 499 fossas
1669 472 1811 512 sepes-

165 545 242 587 que
282 530 322 568 in
365 524 473 565 valle
515 524 627 564 fluvii
660 525 852 567 Palancia
891 530 997 568 inter
1027 530 1165 578 Vivel,
1211 527 1351 569 Jerica
1392 531 1432 566 et
1463 526 1649 582 Segorbe
1689 531 1809 579 atque

164 599 313 645 Chiva3
342 595 383 633 in
416 591 598 632 Castella
627 606 733 634 nova
764 607 890 647 prope
913 594 1125 648 Requena,
1158 595 1321 635 Cuenca
1351 598 1427 633 etc.
1459 598 1580 647 atque
1612 594 1651 632 in
1669 593 1808 632 Sierra

162 666 212 708 de
241 660 519 704 Guadarrama
549 671 677 714 prope
706 663 997 702 monasterium
1027 662 1064 702 el
1095 660 1255 702 Paular.
1285 661 1568 712 Julio—Sept.
1601 674 1634 700 c.
1667 658 1750 699 flor.

277 738 373 776 800.
435 735 481 775 0.
512 733 684 785 vulqare
712 728 755 772 1..
813 743 851 769 a.
885 728 1029 769 Bentli.
1071 730 1096 770 1.
1140 742 1173 770 c.
1217 743 1256 783 p.
1299 731 1387 770 193.
1432 751 1477 756 —-
1513 728 1570 768 Pl.
1603 740 1686 767 exs.
1718 726 1808 766 coll.

160 816 250 844 ven.
287 817 324 845 n.
357 805 436 844 574
469 815 504 842 a.

278 869 324 909 ln
354 867 613 922 rupestribus
649 865 799 919 apricis
840 865 945 903 inter
976 861 1093 903 Vive!
1124 867 1164 902 et
1195 861 1335 902 Jerica
1365 862 1404 900 in
1436 872 1562 913 regno
1595 857 1814 904 valentino,

166 938 267 991 Aug.
300 951 332 976 c.
362 935 449 976 flor.
479 933 611 974 Etiam
641 933 681 971 in
713 931 891 970 Castena
922 942 1032 969 nova
1059 942 1185 983 prope
1216 928 1387 968 Chozas.
1417 926 1532 978 Sept.
1564 924 1656 965 defi.

277 1003 372 1043 Var.
412 1004 632 1052 spicatum.
692 998 812 1037 Rami
853 997 1067 1050 paniculae
1111 995 1355 1035 trichotomi.
1415 993 1560 1033 Flores
1600 994 1640 1032 in
1679 993 1816 1045 spicas

162 1069 312 1110 densas
342 1074 580 1123 tetragonas
611 1064 786 1105 medium
818 1064 1006 1117 pollicem
1038 1063 1184 1118 longas
1214 1062 1409 1116 congesti.
1449 1059 1647 1099 Bracteae
1677 1058 1813 1098 imbri-

159 1141 275 1177 catae
308 1136 409 1176 duas
438 1136 572 1174 lineas
603 1133 752 1186 longae
783 1144 934 1184 parvae
965 1130 1397 1182 calycibuslongiores
1416 1124 1811 1178 obovato-oblongae

163 1202 442 1243 acutiusculae
476 1214 555 1241 non
587 1199 804 1239 coloratae.
851 1197 976 1250 Calyx
1008 1196 1315 1248 campanulatus
1348 1195 1481 1242 1¹f'4¹“
1512 1193 1659 1247 longus
1692 1191 1808 1230 valde

161 1269 430 1325 glandulosus
464 1280 592 1320 usque
626 1265 674 1305 ad
706 1265 865 1304 tertiam
898 1267 1053 1317 partem
1081 1259 1379 1316 quinquefidus,
1410 1260 1598 1300 dentibus
1619 1262 1812 1311 inaequa-

170 1336 292 1385 libus,
324 1335 441 1375 fauce
473 1335 657 1374 villosus.
689 1331 850 1370 Corolla
881 1343 1000 1370 rosea
1034 1330 1173 1382 calyce
1203 1328 1340 1383 paullo
1372 1328 1542 1382 longior.
1578 1324 1810 1378 acal-(sare

153 1405 208 1459 β,
237 1405 527 1454 prismaticum
559 1397 739 1440 Benth.
771 1397 796 1436 l.
827 1395 898 1436 αἱ)
936 1409 986 1436 an
1019 1396 1064 1436 0.
1098 1396 1344 1444 majoricam
1377 1394 1640 1435 Cambess.
1674 1406 1806 1432 enum.

159 1471 214 1524 pl.
246 1471 395 1511 balear.
428 1483 465 1523 p.
500 1465 611 1508 124?
641 1478 690 1505 an
722 1465 884 1517 species
915 1462 1138 1503 distincta?

269 1536 316 1577 In
347 1534 602 1590 rupestribus
634 1544 759 1586 prope
787 1530 912 1570 Chiva
943 1531 982 1568 in
1015 1542 1141 1584 regno
1173 1529 1380 1570 valentino
1410 1529 1573 1582 passim.
1607 1524 1806 1582 Aug.c.ss.

875 1596 1072 1647 TltymuS.

268 1671 364 1710 801.
427 1667 506 1708 Th.
540 1665 796 1706 Masta-hina
827 1663 868 1703 L.
899 1661 1043 1702 Bentb.
1076 1662 1101 1703 l.
1133 1676 1165 1701 c.
1200 1676 1236 1714 p.
1274 1665 1361 1704 197.

272 1735 318 1775 ln
349 1735 516 1776 ericetis
545 1733 732 1773 arenosis
762 1730 986 1784 Hispaniae
1017 1729 1234 1778 centralis,
1280 1730 1498 1783 praecipue
1539 1728 1807 1778 australioris‚

163 1802 377 1856 frequens:
423 1802 462 1841 in
508 1801 661 1853 pinetis
692 1799 912 1839 Serraniae
953 1796 1003 1836 de
1034 1795 1220 1845 Cuenca,
1264 1796 1314 1835 ad
1359 1795 1518 1836 radices
1549 1796 1713 1835 Sierrae
1758 1794 1806 1835 de

165 1869 467 1916 Guadarrama,
508 1880 543 1908 v,
577 1881 607 1906 c.
641 1868 745 1906 inter
777 1864 1022 1910 Cercedina,
1064 1862 1340 1903 Guadarrama
1380 1867 1420 1902 et
1458 1862 1496 1902 el
1522 1862 1728 1911 Escorial,
1767 1863 1805 1902 in

169 1936 332 1975 ericetis
361 1933 678 1974 Extremadurae
709 1933 957 1986 superioris,
989 1934 1029 1970 in
1060 1931 1232 1970 collibus
1262 1931 1475 1984 graniticis
1506 1930 1611 1969 circa
1642 1929 1807 1969 Plasen-

157 2002 235 2052 cia,
268 2015 393 2055 prope
423 2000 666 2040 Salamanca
696 2004 772 2038 etc.
806 2000 987 2053 Augusto
1012 1999 1095 2051 Jam
1126 1996 1217 2036 dcss.

270 2070 364 2109 802.
430 2065 507 2105 Th.
542 2065 674 2118 Zyyis
704 2065 746 2107 L.
811 2066 942 2105 Boiss.
974 2077 1064 2117 voy.
1097 2063 1191 2115 Esp.
1225 2063 1357 2116 suppl.
1390 2077 1427 2117 p.
1459 2065 1553 2105 748.
1587 2075 1667 2102 var.
1694 2064 1808 2113 {lori-

167 2136 343 2173 bundas.
377 2132 466 2183 (Th.
486 2132 723 2172 tenuifolius
739 2127 784 2184 β.
804 2129 1055 2172 floribundus
1073 2129 1205 2170 Boiss.
1225 2130 1250 2173 l.
1268 2143 1301 2171 c.
1334 2130 1441 2171 Flor.
1464 2144 1501 2183 p.
1521 2132 1613 2172 488.
1631 2135 1658 2170 t.
1679 2130 1811 2172 1371».

156 2198 231 2241 Th.
263 2198 500 2239 tenuifolius
529 2198 628 2239 Mill.
662 2202 702 2238 et
733 2197 875 2237 Benth.
910 2198 935 2237 l.
967 2212 999 2239 c.
1037 2211 1071 2250 p.
1109 2197 1215 2247 198.)

265 2265 311 2305 ln
330 2265 496 2319 planitie
518 2265 601 2303 alta
617 2265 724 2304 circa
741 2263 895 2304 molina
912 2264 961 2304 de
980 2265 1139 2318 Aragon
1158 2276 1285 2317 prope
1303 2262 1471 2312 Molina,
1490 2262 1633 2311 Chera,
1651 2263 1806 2304 Setiles

159 2330 209 2372 ad
225 2331 292 2372 alt.
314 2334 421 2372 3500
440 2356 482 2362 -
497 2334 623 2371 4000‘
648 2332 688 2370 in
715 2333 920 2371 consortio
940 2331 1154 2386 Saturejae
1181 2336 1408 2370 montanae.
1436 2328 1519 2370 Jul.
1539 2329 1639 2383 Aug.
1667 2343 1699 2370 c.
1718 2328 1804 2370 flor.

268 2398 360 2437 Var.
380 2399 561 2446 humilis,
595 2399 894 2438 verticillastris
926 2398 1100 2438 breviter
1146 2397 1326 2450 spicatis.
1367 2395 1428 2437 Pl.
1471 2408 1555 2436 exs.
1588 2395 1679 2435 coll.
1713 2408 1802 2436 ven.

159 2468 239 2506 296
270 2478 317 2504 ex
350 2464 482 2518 parte!

272 2530 316 2569 ln
356 2541 511 2569 summo
537 2530 638 2584 jugo
670 2532 819 2570 montis
849 2531 960 2571 Pena
990 2529 1039 2570 de
1074 2528 1192 2569 Oroel
1224 2527 1273 2569 ad
1304 2528 1370 2569 alt.
1403 2529 1528 2569 5000‘
1572 2528 1611 2567 in
1643 2541 1804 2569 consor-

158 2599 214 2639 tio
248 2597 325 2637 Th.
355 2599 542 2649 vulqaris
571 2596 612 2637 1..
643 2597 768 2636 Juuio
800 2611 831 2637 c.
865 2596 948 2637 ssor.

271 2662 363 2703 Oba.
422 2664 556 2715 Stirps
599 2664 807 2715 calycibus
846 2663 1091 2716 corollisque
1121 2662 1268 2702 eximie
1299 2658 1708 2715 rubro-glandulosis
1737 2673 1803 2701 ex-

157 2730 327 2779 cellens,
358 2728 432 2769 sed
463 2728 520 2768 nil
550 2729 628 2768 uisi
661 2727 789 2769 forma
818 2730 956 2782 alpina
986 2742 1068 2769 var.
1102 2742 1128 2766 αι
1156 2730 1330 2776 yronicis
1359 2726 1530 2767 Boiss.
1576 2726 1672 2767 milii
1707 2740 1802 2768 esse

186 2797 225 2837 id
254 2801 267 2836 t
299 2810 328 2839 r.

160 2811 181 2838 v
229 2810 250 2838 ε
272 2811 365 2905 u803.
428 2860 506 2901 Tu.
537 2863 725 2911 vulqariae
753 2859 797 2902 1..
829 2860 974 2902 Benth.
1005 2861 1030 2902 l.
1063 2874 1095 2902 c.
1127 2873 1164 2914 p.
1201 2862 1289 2901 199.
