1867 3215
1589 80 1686 125 159

742 209 996 263 Polypoqon.

165 283 282 322 1072.
341 277 392 318 P.
423 279 661 317 maritimus
690 278 755 319 W.
786 277 912 318 Rchb.
951 275 1007 316 lc.
1038 275 1065 318 l.
1098 288 1131 316 c.
1164 273 1188 314 f.
1228 276 1318 316 172.

162 348 209 388 ln
225 347 453 403 margaceis
470 345 673 387 subsalsis
689 345 796 385 inter
813 344 1039 398 Pamplona
1053 346 1095 383 et
1110 341 1295 383 Moureal
1313 342 1478 394 passim.
1497 340 1526 382 J
1529 353 1594 381 un.
1606 354 1637 382 0.
1655 339 1694 383 fl.

778 411 964 451 Arundo.

163 485 282 524 1073.
347 480 398 521 A.
428 479 588 520 Donaa·
617 478 662 519 1..

166 548 212 589 In
243 548 418 589 humidis
447 561 572 602 prope
601 546 747 587 Bilbao
778 551 819 587 et
855 545 953 587 alibi
994 547 1036 586 in
1080 558 1184 586 zona
1223 544 1468 586 Cantabriae
1507 544 1697 595 littorali3

52 616 230 657 abundat
260 617 300 656 in
330 616 530 670 Hispania
560 615 730 655 centrali
762 617 803 653 et
832 614 1054 667 praecipue
1083 612 1392 653 mediterranea.

776 679 986 732 Cynodon.

168 753 286 793 1074.
347 749 390 793 C.
421 750 627 802 Dactylon
656 748 700 788 P.
731 747 859 787 Rchb.
900 746 955 789 Ic.
986 747 1012 787 l.
1044 760 1077 789 c.
1110 746 1136 786 f.
1174 749 1268 789 454.

164 818 209 858 In
243 819 431 858 arenosis
461 816 510 857 ad
539 817 670 856 lacum
702 814 907 862 Albufera,
938 815 980 854 in
1010 813 1214 855 ruderatis
1233 814 1415 855 Huertae
1440 813 1490 855 de
1506 815 1702 855 Valent-ia

53 890 133 927 etc.
164 899 237 941 per
267 889 392 926 totam
420 884 673 938 Hispaniam.
736 884 836 938 Aug.
871 897 904 922 c.
936 882 984 926 fr.

708 950 1041 1003 L'orynephorus.

170 1023 290 1062 1075.
352 1019 396 1059 0.
427 1030 650 1059 canescens
679 1019 723 1060 P.
756 1017 800 1058 Β.
832 1016 962 1060 Rchb.
1013 1016 1068 1057 lc.
1099 1015 1126 1057 l.
1161 1030 1194 1059 c.
1227 1015 1255 1056 f.
1289 1018 1381 1059 178.
1426 1039 1480 1046 —
1524 1017 1583 1058 Pl.
1614 1031 1700 1058 exs.

55 1088 146 1129 coll.
179 1101 268 1127 ven.
300 1100 337 1126 n.
369 1089 462 1130 203.

165 1153 352 1196 Abundat
393 1155 434 1193 in
479 1157 616 1194 monte
656 1154 844 1194 arenario
880 1152 1007 1194 Loma
1047 1151 1098 1193 de
1136 1149 1373 1206 Jaizquivel
1415 1164 1541 1206 prope
1578 1151 1703 1194 Yrun.

57 1223 154 1265 Jun.
186 1223 251 1262 vix
281 1220 445 1262 florens.

820 1286 937 1327 Aira.

173 1360 292 1400 1076.
352 1356 402 1395 A.
430 1357 625 1406 fleoeuosa
653 1354 703 1397 L.
735 1353 865 1397 Rcbb.
898 1354 952 1396 lc.
982 1354 1008 1396 1.
1042 1368 1076 1396 c.
1106 1353 1133 1396 f.
1167 1356 1259 1397 182.
1305 1375 1359 1384 —
1405 1354 1468 1396 Pl.
1498 1367 1584 1395 exs.
1616 1355 1707 1395 coll.

57 1440 147 1469 ven.
178 1439 217 1467 n.
252 1427 306 1466 26
336 1429 377 1465 et
405 1427 500 1466 426.

169 1493 216 1534 ln
246 1492 509 1549 graminosis,
539 1489 730 1540 dumetis,
760 1488 812 1530 ad
842 1501 966 1543 sepes
995 1502 1123 1543 prope
1153 1489 1263 1530 Yrun
1293 1493 1335 1530 et
1364 1488 1460 1529 alibi
1491 1490 1532 1529 in
1564 1489 1708 1530 Canta-

57 1562 168 1611 bria3
201 1562 241 1600 in
271 1559 476 1615 glareosis
504 1559 654 1599 montis
681 1558 822 1599 Sierra
851 1557 902 1598 de
916 1555 1120 1610 Moncayo
1136 1556 1189 1598 ad
1203 1557 1499 1600 alt.4—5ooo‘
1528 1558 1708 1611 copiose.

59 1629 156 1672 Jun.
188 1628 273 1670 Jul.
307 1641 340 1670 0.
372 1627 413 1668 fl.

175 1698 296 1738 1077.
354 1693 403 1735 A.
439 1691 624 1733 Teno'rea·
653 1692 807 1734 Guss.
840 1691 977 1733 Boiss.
1009 1704 1100 1746 voy.
1130 1691 1212 1734 bot.
1244 1692 1341 1747 Esp.
1373 1694 1468 1734 651.

173 1763 220 1804 ln
250 1761 461 1802 sterilibus
491 1761 768 1815 salsuginosis
785 1761 1017 1816 Aragoniae
1044 1760 1267 1810 inferioris,
1298 1772 1334 1800 v.
1367 1772 1399 1799 c.
1429 1760 1537 1799 inter
1555 1756 1711 1813 Alagon

62 1836 105 1873 et
131 1831 272 1885 Borja,
303 1827 514 1882 frequens,
545 1827 619 1868 sed
647 1827 781 1868 medio
811 1827 923 1869 Julio
951 1829 1036 1883 jam
1067 1826 1154 1868 fere
1184 1828 1333 1868 exsicc.

175 1898 271 1939 Oba.
332 1896 465 1951 Prope
494 1895 662 1936 Alcaraz
703 1895 744 1935 in
776 1893 958 1935 Castella
986 1907 1094 1935 nova
1123 1893 1230 1936 banc
1269 1894 1450 1946 speciem
1491 1891 1714 1947 elegantis-

63 1968 208 2009 simam
239 1964 453 2005 florentem
482 1963 585 2019 legit
614 1963 663 2003 cl.
695 1961 837 2004 Funk
868 1976 975 2003 anno
1009 1965 1128 2005 1848.

175 2034 295 2075 1078.
355 2030 405 2072 A.
436 2032 700 2071 involucrata
731 2029 797 2070 Ga
810 2043 844 2069 v.
878 2030 930 2072 10.
962 2032 1028 2071 44.

174 2098 361 2142 Abundat
389 2099 431 2143 in
461 2098 648 2138 arenosis
677 2098 891 2153 graniticis
921 2111 1044 2139 secus
1072 2097 1233 2138 radices
1250 2093 1597 2150 septentrionales
1613 2096 1715 2134 trac-

64 2173 131 2210 tus
161 2167 357 2208 montium
389 2164 640 2213 centralium,
687 2177 724 2205 v.
756 2177 788 2208 0.
823 2177 952 2219 prope
979 2164 1244 2212 Pena-uda,
1285 2163 1335 2204 ad
1377 2161 1543 2202 fluvium
1572 2158 1714 2215 Adaja‚

65 2237 173 2277 inter
187 2233 365 2289 Labajas
395 2236 436 2273 et
463 2231 527 2272 las
542 2231 679 2272 Navas
709 2232 750 2272 in
769 2230 951 2272 Castella
982 2236 1135 2273 vetere.
1168 2233 1254 2274 Oct.
1281 2232 1365 2287 Jam
1383 2229 1546 2270 omnino
1563 2227 1713 2268 exsicc.

807 2298 964 2340 Avena.

181 2370 300 2410 1079.
360 2365 411 2407 A.
442 2364 607 2415 filifolia
635 2365 752 2422 Lag.
786 2379 878 2407 nov.
897 2379 991 2422 gen.
1026 2370 1068 2407 et
1097 2380 1159 2421 sp.
1178 2379 1218 2407 n.
1236 2368 1301 2408 51.
1331 2377 1359 2403 α
1379 2361 1714 2418 qlabraBois-s.

69 2449 160 2490 voy.
191 2434 288 2488 Esp.
320 2437 415 2476 655.
446 2456 499 2464 —
527 2433 588 2474 Pl.
620 2446 706 2474 exs.
739 2433 830 2473 coll.
862 2446 952 2474 ven.
985 2447 1024 2473 n.
1059 2435 1148 2475 158.
1183 2432 1245 2484 (Α.
1277 2431 1509 2472 cantabrica
1538 2429 1636 2484 Lag.
1650 2428 1691 2482 Ρ)

180 2500 227 2541 ln
256 2499 418 2541 fissuris
447 2501 605 2555 rupium
634 2501 786 2541 montis
824 2500 999 2541 calcarei
1029 2500 1142 2541 Pena
1172 2499 1362 2552 Gorveya
1403 2497 1455 2538 ad
1492 2498 1717 2553 marginem

69 2568 309 2611 orientalem
340 2573 382 2608 et
411 2568 481 2608 alt.
512 2581 545 2608 c.
576 2569 703 2610 4000’
733 2566 839 2608 haud
867 2566 1076 2620 frequens
1108 2566 1220 2622 Majo
1251 2579 1284 2605 0.
1316 2564 1405 2605 flor.

183 2634 276 2675 Oba.
337 2636 369 2676 A
409 2647 493 2678 var.
523 2627 569 2683 β.
608 2637 793 2675 velutina
824 2633 977 2681 (Boiss.
1015 2634 1042 2674 1.
1085 2640 1157 2683 c.),
1198 2645 1317 2686 quam
1356 2631 1482 2673 Junio
1524 2634 1631 2674 1845
1675 2631 1718 2672 in

72 2704 213 2744 Sierra
241 2701 408 2742 Nevada
437 2701 536 2757 legi,
568 2703 693 2756 stirps
724 2700 955 2741 cantabrica
984 2713 1066 2741 non
1096 2701 1176 2740 nisi
1208 2699 1320 2739 soliis
1350 2698 1605 2754 longioribus
1634 2698 1720 2754 gla-

70 2769 274 2818 bei-rimis,
304 2768 474 2824 spiculis
503 2767 725 2824 majoribus
754 2767 1037 2822 pallidioribus
1066 2771 1107 2808 et
1122 2765 1262 2807 rhachi
1286 2768 1421 2807 minus
1446 2766 1569 2821 longe
1585 2766 1718 2820 piloso

70 2836 265 2879 distincta
294 2840 372 2877 est.
1687 2859 1690 2863 -

183 2903 302 2947 1080.
358 2901 411 2946 A.
441 2904 604 2945 sulcata
633 2903 744 2956 Gay
772 2902 815 2944 in
843 2900 941 2944 Dur.
972 2901 1026 2958 pl.
1057 2900 1192 2946 Astur.
1223 2899 1275 2942 cf.
1302 2897 1436 2942 Boius.
1470 2898 1498 2941 Ι.
1515 2911 1550 2943 0.
1567 2900 1717 2955 μῦὖθ.
