1867 3215
108 78 173 122 26

218 203 263 243 In
295 203 506 259 segetibus
540 202 794 250 Cantabriae,
825 202 1041 251 Navarrae,
1073 201 1287 256 Aragoniae
1318 196 1542 255 superioris
1572 202 1751 256 passim.-

107 283 141 311 v.
173 283 206 314 c,
237 283 363 323 prope
393 269 585 319 Liedena,
619 271 659 308 i'n
691 270 796 309 valle
826 268 937 308 fluvii
969 270 1142 322 Aragon,
1173 268 1267 308 Jun.
1302 282 1332 307 c.
1366 268 1402 307 fl.

216 339 306 378 154.
367 336 414 377 G.
446 334 682 375 Scrulhium
711 336 756 377 L.
790 335 898 375 Dec.
930 334 1065 375 Prodr.
1099 334 1129 376 l.
1162 349 1198 389 p.
1231 338 1323 376 352.
1356 336 1415 375 Pl.
1435 349 1519 376 exs.
1539 335 1629 376 coll.
1660 348 1750 382 ven.

105 403 247 443 select.
279 415 317 442 n.
349 404 414 442 26.

215 468 260 508 In
301 470 525 523 gypsaceis
562 468 687 509 aridis
717 468 910 509 Gastellae
941 479 1081 519 novae,
1116 482 1152 509 v.
1185 483 1216 509 c.
1249 470 1356 508 inter
1389 468 1553 508 Cuenca
1583 471 1624 507 et
1653 467 1753 507 Tar-

107 535 252 585 racon,
291 535 600 576 Fuentiduenas
641 540 682 576 et
713 536 900 591 Arganda
930 536 994 576 del
1025 536 1117 588 Rey
1147 537 1336 590 copiose,
1367 535 1440 576 sed
1471 537 1646 575 exeunte
1679 534 1754 575 Au-

107 608 228 656 gusto
255 604 338 657 jam
371 602 457 642 fere
489 604 652 642 omnino
684 604 902 643 exsiccata.

222 673 313 711 155.
377 668 424 708 G.
455 670 677 723 fasciyia'ca
699 669 746 709 L.
778 669 861 709 DC.
894 670 917 709 1.
951 683 983 711 c.
1016 669 1144 710 Rchb.
1179 669 1234 712 lc.
1265 669 1334 710 VI.
1367 669 1393 711 f.
1425 673 1544 712 5002.
1576 668 1633 710 Pl.
1665 681 1751 708 exs.

108 737 198 779 coll.
233 749 321 776 ven.
354 749 393 776 n.
426 739 519 778 396.

210 802 258 842 In
295 805 515 857 gypsaceis
556 803 681 843 aridis
721 804 938 857 Aragouioe
978 807 1019 843 et
1058 803 1251 843 Castellae
1290 816 1407 843 novae
1447 803 1752 856 copiosissime:

107 870 213 908 inter
228 868 439 924 Mogallon
472 869 665 925 etBorja,
697 871 909 925 Zaragora
941 875 981 911 et
1011 870 1228 920 carmena,
1261 869 1624 922 cinaHorcajada,
1656 868 1754 909 Tar-

107 949 270 985 rancon,
302 936 623 978 Fuentiduenas.
655 937 739 978 Jul.
771 938 872 992 Aug.
906 951 936 976 c.
969 937 1007 976 ss.

824 1005 1048 1044 manchus.

220 1074 315 1112 156.
378 1070 432 1113 D.
464 1069 646 1122 prolifer
667 1070 711 1111 L.
741 1070 1055 1118 (Kohlrauschia
1083 1071 1274 1125 proliiera
1293 1071 1382 1111 Kth.
1413 1071 1541 1111 Rchb.
1574 1070 1628 1112 Ic.
1661 1071 1687 1113 l.
1721 1084 1753 1112 c.

108 1140 134 1179 f.
167 1141 312 1185 5009.)

213 1205 259 1244 ln
293 1203 474 1244 dumosis
506 1205 612 1244 inter
643 1205 747 1245 Jaca
776 1208 817 1244 et
847 1205 929 1246 San
961 1204 1069 1245 Juan
1101 1205 1151 1245 de
1180 1205 1218 1245 la
1245 1205 1356 1245 Pena
1387 1206 1425 1244 in
1455 1206 1658 1259 Aragonia
1689 1218 1752 1244 su-

110 1274 291 1327 periore3
333 1272 374 1310 in
405 1271 544 1311 Sierra
573 1271 622 1311 de
653 1271 931 1311 Guadarrama
961 1285 1012 1311 en
1044 1272 1081 1311 el
1113 1272 1261 1312 Puerto
1293 1273 1341 1312 de
1372 1272 1609 1321 Revent0n3
1650 1274 1756 1312 inter

106 1340 246 1380 Banos
276 1343 317 1378 et
346 1338 469 1393 Bejar
498 1340 539 1378 in
570 1351 697 1393 regno
725 1338 989 1393 Legionensi.
1023 1339 1266 1379 ,Νη-001.
1301 1353 1333 1378 c.
1367 1338 1405 1378 ss.

218 1408 309 1447 157.
370 1403 422 1442 D.
453 1408 702 1444 acrorubens
732 1406 823 1447 ΑΗ.
855 1406 982 1446 Rchb.
1015 1405 1069 1445 lc.
1103 1406 1128 1446 1,
1162 1420 1194 1445 c.
1228 1406 1253 1447 f.
1286 1409 1408 1448 5016.

218 1473 265 1513 In
296 1473 502 1526 quercetis
531 1473 637 1512 iuter
666 1472 821 1513 Molina
851 1473 900 1513 de
931 1474 1093 1528 Aragon
1125 1478 1165 1513 et
1195 1473 1348 1513 Pardos
1378 1475 1418 1513 in
1439 1472 1617 1513 Castella
1647 1482 1752 1510 nova

108 1553 213 1582 raro.
244 1539 328 1581 Jul.
359 1542 534 1579 exeunte
556 1552 587 1579 c.
622 1538 661 1578 fl.

93 1591 143 1640 ,Ψ
214 1608 308 1649 158.
368 1605 423 1646 D.
455 1608 703 1645 lusitania-us
734 1606 868 1647 Brot.
900 1606 1092 1662 Phytogr.
1125 1607 1201 1646 lus.
1236 1610 1263 1647 t.
1309 1609 1398 1647 170.
1459 1605 1525 1651 (D.
1570 1608 1755 1644 attenua-

108 1680 174 1715 tus
205 1674 290 1714 Sm.
321 1672 370 1713 D.
403 1686 623 1726 pyrenaeus
654 1673 794 1714 Pourr.
827 1688 860 1714 c.
894 1673 919 1713 f.
954 1673 1077 1714 Gren.
1111 1673 1310 1714 Godrffll.
1345 1673 1394 1713 de
1415 1673 1480 1714 Fr.
1511 1671 1541 1712 1.
1574 1686 1612 1726 p.
1644 1671 1756 1723 233.)

105 1742 165 1784 Pl.
194 1754 280 1782 exe.
313 1740 404 1780 coil.
436 1753 527 1780 ven.
561 1741 637 1780 sel.
670 1753 708 1780 n.
743 1745 788 1781 ll
823 1741 860 1781 b.

218 1808 265 1849 ln
294 1807 552 1860 rupestribus
581 1809 732 1860 apricis
761 1809 1002 1861 rupiumque
1033 1805 1194 1847 fissuris
1224 1807 1440 1860 Aragoniae
1480 1805 1751 1853 australioris,

109 1874 301 1915 Castellae
340 1887 458 1913 novae
499 1878 539 1913 et
578 1874 906 1914 Extremadurae:
953 1876 993 1914 in
1033 1874 1205 1914 collibus
1235 1874 1384 1913 l'uerto
1426 1873 1475 1912 de
1516 1874 1675 1912 Daroca
1715 1875 1756 1910 et

107 1942 258 1983 Puerto
289 1940 340 1980 de
370 1941 412 1987 S.
443 1939 592 1980 martin
624 1942 798 1994 (Arag.),
826 1941 938 1981 Julio
971 1954 1003 1980 c.
1035 1941 1096 1989 ss.3
1129 1941 1178 1980 ad
1208 1940 1368 1979 radices
1387 1941 1538 1980 Sierrae
1570 1939 1620 1979 de
1650 1938 1756 1978 Gua-

108 2008 295 2048 darrama
324 2020 449 2061 prope
467 2006 706 2054 Cercedilla‚
739 2007 1030 2056 Guadarrama,
1061 2006 1299 2046 elEscorial
1330 2011 1405 2047 etc.
1439 2007 1488 2046 ad
1506 2006 1754 2047 alt.2500—

107 2077 257 2124 3500‘;
286 2073 337 2114 ad
366 2087 490 2128 rupes
519 2075 744 2128 graniticas
774 2075 814 2114 in
846 2075 952 2114 valle
983 2073 1094 2113 fluvii
1125 2074 1229 2128 Tagi
1262 2086 1388 2126 prope
1414 2073 1603 2112 Toletum
1634 2076 1756 2124 atque

110 2145 153 2183 in
190 2142 296 2181 valle
340 2141 452 2181 ssuvii
482 2141 599 2181 Jerte
629 2155 756 2195 prope
786 2141 1001 2182 Plasencia
1031 2141 1220 2192 copiose,
1260 2139 1332 2178 sed
1370 2152 1512 2179 mense
1544 2139 1629 2179 Oct.
1656 2139 1754 2192 jam.

106 2222 275 2262 prorsus
307 2207 399 2248 dess.

225 2278 316 2316 159.
374 2273 429 2315 D.
461 2275 770 2325 brachyanlltus
801 2275 968 2314 Boiss.
999 2286 1090 2325 voy.
1125 2272 1202 2312 bot.
1234 2272 1328 2326 Esp.
1361 2286 1397 2324 p.
1427 2275 1495 2314 85.
1530 2275 1557 2311 t.
1589 2274 1655 2312 24,

221 2342 361 2381 Sierra
392 2340 440 2380 de
472 2341 750 2380 Guadarrama
781 2354 906 2395 prope
935 2338 1075 2380 Fonda
1106 2339 1154 2378 (le
1186 2340 1226 2378 S.
1258 2335 1428 2389 Rafaer,
1462 2339 1546 2378 Oct.
1579 2341 1754 2378 exeunte

109 2421 277 2463 prorsus
307 2406 399 2447 defi.
430 2412 552 2460 atque
583 2410 730 2448 exsicc.

218 2477 307 2515 160.
367 2474 419 2512 1).
452 2476 699 2523 hispanicus
726 2476 856 2514 Asso
902 2475 1001 2526 Syn.
1044 2473 1157 2525 stirp.
1196 2472 1312 2525 Arug.
1356 2485 1393 2511 n.
1424 2475 1516 2512 371.
1556 2476 1582 2510 t.
1614 2473 1650 2512 3.
1684 2471 1754 2518 (D.

108 2552 298 2595 pungens
329 2537 374 2592 β.
401 2540 636 2594 hispanicus
675 2540 756 2581 DC.
790 2541 926 2581 l’rodr.
959 2539 987 2580 l.
1020 2553 1056 2593 p.
1088 2541 1199 2585 361.)
1259 2539 1317 2578 ΡΙ.
1350 2552 1435 2578 exs.
1468 2537 1557 2577 coil.
1591 2550 1682 2578 νειι.
1712 2549 1752 2577 n.

107 2609 201 2648 305.

224 2674 269 2713 ln
297 2674 551 2727 rupestribus
581 2674 862 2728 glareosisque
901 2673 1049 2725 apricis
1079 2671 1270 2710 Navarroe
1302 2671 1557 2710 australioris
1587 2675 1628 2710 et
1658 2671 1752 2709 Ara-

111 2742 266 2793 goniae:
297 2740 350 2780 ad
379 2740 543 2780 fluvium
575 2740 671 2779 lrati
704 2741 790 2779 loco
824 2741 977 2779 ruente
1008 2738 1072 2778 del
1105 2737 1400 2782 Diabiom‘av.)
1430 2737 1479 2777 ad
1509 2738 1577 2776 alt.
1604 2740 1751 2786 1100‘3

111 2807 151 2844 in
182 2807 350 2859 rupibus
381 2819 505 2860 prope
536 2811 709 2860 monast.
751 2808 793 2848 S.
826 2806 934 2858 J'uau
972 2805 1021 2845 de
1054 2805 1092 2844 la
1123 2804 1232 2843 Pena
1263 2803 1311 2842 ad
1343 2805 1411 2843 alt.
1445 2806 1750 2852 3000—3500‘‚

113 2873 153 2910 in
185 2885 341 2914 nummo
366 2875 465 2927 jugo
496 2875 646 2914 montis
675 2873 784 2912 Pena
815 2872 862 2910 (ie
882 2872 1000 2911 Oroi²i
1034 2870 1081 2910 ad
1112 2869 1179 2909 alt.
1211 2873 1358 2917 5000’;
1392 2872 1431 2910 in
1463 2871 1663 2910 sabinens
1695 2871 1755 2908 iu·
