1867 3215
769 231 974 275 Paeonia.

98 353 102 354 ⁷
155 311 219 349 31.
282 302 331 344 P.
365 300 536 341 Bromi
564 299 741 340 Boiss.
770 300 920 343 Reut.
953 300 1103 356 Diagn.
1136 298 1189 354 pl.
1222 302 1314 338 nov.
1346 294 1463 350 Hisp.
1588 338 1592 341 ,

158 374 201 414 in
242 370 426 412 dumosis
470 368 520 408 ad
549 367 710 408 radices
742 368 938 408 montium
965 369 1073 408 inter
1102 370 1316 420 utramque
1347 362 1570 405 Castellam
1598 362 1697 402 sito-

47 453 157 485 rum:
196 453 323 496 prope
364 448 495 491 pagos
524 435 683 475 Chozas
714 435 763 476 de
793 436 832 475 la
862 436 1002 475 Sierra
1032 438 1073 475 et
1104 433 1331 475 Cei-cedula
1361 433 1402 472 in
1434 431 1543 473 east.
1573 442 1695 478 nova,
1724 465 1728 470 .

46 523 174 565 prope
204 505 421 549 Plasencia
449 505 492 543 in
522 502 839 553 Extremadura,
885 503 991 542 inter
1033 504 1075 545 S.
1111 500 1321 542 ildefonso
1367 503 1408 540 et
1437 499 1609 540 Balsai'n
1653 498 1695 538 in

46 578 156 620 Cast.
190 580 342 617 vetere.
373 573 489 624 Sept.
523 571 607 611 Oct.
640 585 672 612 c.
704 571 752 611 fr.

677 649 1061 690 Ber-berinae.

767 730 978 769 Berberis.

159 804 225 841 32.
284 797 337 838 Β.
366 799 556 852 vulqaris
584 797 632 839 L.
662 796 790 839 Rchb.
822 796 875 836 lc.
906 796 968 837 Fl.
999 808 1127 852 germ.
1160 792 1233 835 111.
1266 792 1293 837 f.
1323 795 1446 835 4486.

151 867 198 907 In
218 859 405 906 ¹vallibus
431 866 721 918 pyrenaeorum
740 865 956 920 Aregoniae
986 862 1251 904 inferioribus
1281 862 1386 902 satis
1416 860 1625 916 frequens,
1665 874 1698 900 v,

48 950 78 976 c.
112 948 237 989 prope
268 946 417 989 pagum
447 932 664 980 eanfrane,
696 930 1003 973 2500-3000‘.
1034 930 1159 971 Junio
1190 928 1282 970 defi.

629 1009 1117 1062 Papaveraceae.
1187 1044 1200 1058 „

766 1089 971 1139 papaver.

153 1161 220 1199 33.
282 1157 332 1199 Ρ.
365 1157 536 1198 Rhoeas
563 1157 606 1200 L.
636 1157 765 1212 Rehb.
799 1156 852 1197 le.
885 1157 946 1197 Fi.
976 1168 1014 1211 g.
1048 1154 1119 1195 ΙΙΙ.
1152 1152 1179 1194 f.
1214 1155 1335 1196 4479.

156 1225 204 1265 In
233 1226 447 1281 segetibus
479 1238 607 1279 prope
638 1225 763 1265 Olave
792 1225 833 1264 in
862 1224 1056 1270 Navarra,
1089 1222 1184 1263 Jun.
1221 1235 1253 1261 c.
1274 1221 1341 1269 ss.;
1372 1220 1704 1262 communissime

52 1306 123 1345 per
154 1297 278 1334 totam
309 1294 564 1346 Hispaniam.

168 1374 206 1413 Ὗ.
238 1363 434 1401 vestitum
465 1362 589 1401 Gren.
625 1358 747 1400 Godr.
780 1357 811 1397 Ι.
844 1371 880 1412 p.
911 1360 974 1400 58.
1035 1356 1094 1405 (P.
1126 1355 1319 1396 Roubiaei
1345 1353 1440 1409 vig.
1473 1353 1586 1394 Koch
1603 1354 1704 1408 Syn.

50 1428 110 1469 Fi.
142 1441 269 1484 germ.
300 1427 361 1469 ed.
394 1426 445 1467 11.
476 1441 513 1480 p.
547 1426 630 1479 33.)

156 1495 201 1535 In
242 1496 355 1551 agris
392 1495 580 1535 arenosis
619 1493 797 1534 desertis
828 1505 955 1547 prope
983 1504 1135 1548 pagum
1167 1488 1570 1532 Prados-Redondos
1599 1488 1705 1531 haud

50 1562 188 1615 procul
217 1563 267 1603 ab
299 1575 389 1617 opp.
418 1561 573 1603 Melina
603 1562 653 1602 de
684 1563 846 1616 Aragon
877 1561 918 1599 in
950 1559 1131 1600 Castella
1159 1571 1281 1600 nova.
1316 1559 1418 1614 Aug.
1451 1570 1485 1600 c.
1515 1555 1564 1597 fr.

735 1637 1013 1691 Meconopsis.

161 1710 227 1750 34.
286 1706 346 1750 M.
379 1710 589 1748 cambrica
617 1706 675 1748 Vi
686 1720 725 1764 g.
786 1707 845 1748 Pl.
878 1720 963 1747 exs.
994 1706 1086 1749 coll.
1117 1718 1208 1748 ven.
1240 1705 1383 1745 select.
1415 1717 1454 1744 n.
1489 1707 1552 1745 11.

161 1774 206 1816 ln
247 1776 453 1832 glareosis
492 1777 705 1832 granitieis
746 1775 950 1816 umbrosis
989 1775 1032 1814 in
1071 1774 1179 1815 valle
1219 1772 1334 1814 fluvii
1363 1771 1573 1814 Bidassoa
1601 1772 1708 1812 inter

56 1843 166 1886 Yrun
198 1848 238 1885 et
268 1845 377 1885 Vera
405 1856 509 1883 raro.
540 1842 666 1884 Junio
697 1856 728 1883 c.
761 1842 800 1885 fl.

749 1909 984 1951 Roemeria.

170 1982 238 2021 35.
297 1978 350 2019 R.
381 1979 556 2031 hybrida
584 1977 669 2018 Dc,

165 2046 212 2087 In
243 2047 358 2102 agris
387 2045 564 2087 desertis
593 2057 720 2101 prope
751 2057 900 2101 pagum
921 2044 1089 2086 Sari-ion
1121 2044 1163 2085 in
1181 2042 1390 2098 Aragonia
1416 2040 1587 2083 australi
1618 2054 1710 2096 pa·-

54 2115 143 2156 sim.
178 2115 278 2171 Aug.
311 2127 345 2154 c.
377 2112 424 2156 fr.

757 2179 992 2223 Glaucium.

164 2251 235 2289 36.
291 2247 342 2289 G.
373 2249 677 2288 corniculatam
709 2247 848 2290 Gurt.

160 2315 208 2356 In
247 2317 381 2357 vineis
419 2317 526 2356 inter
556 2312 757 2356 Bai-rheae
795 2320 835 2356 et
862 2315 988 2356 Vivet
1019 2317 1058 2356 in
1091 2327 1219 2371 regno
1253 2313 1491 2363 valentino,
1524 2312 1566 2353 in
1597 2313 1709 2366 agris

55 2385 250 2425 montium
281 2384 422 2425 Sierra
450 2383 500 2424 de
531 2382 669 2423 ehiva.
701 2384 803 2438 Aug.
838 2397 870 2423 c.
905 2384 943 2426 fl.
975 2387 1015 2423 et
1046 2383 1093 2423 fr.

724 2461 1021 2502 Chelidonium.

168 2531 234 2570 3⁸7.
295 2529 368 2569 Ch.
399 2528 538 2577 majus
565 2527 608 2569 L.
667 2528 796 2569 Rchb.
829 2530 883 2570 lc.
915 2529 976 2570 Fl.
1009 2542 1136 2585 germ.
1167 2527 1242 2568 ln.
1274 2526 1299 2568 f.
1333 2528 1454 2568 4466.

170 2595 228 2635 Ad
259 2610 418 2647 muros,
450 2610 598 2652 sepes,
630 2597 670 2636 in
702 2597 904 2638 ruderatis
935 2611 1063 2653 prope
1095 2596 1266 2646 Bilbao,
1295 2593 1406 2650 Mnjo
1438 2607 1470 2633 e.
1506 2591 1569 2641 fl.;
1602 2603 1709 2632 eom-

57 2674 179 2703 mune
211 2677 284 2717 per
312 2668 437 2706 totam
466 2664 721 2719 Hispaniam.

747 2731 1004 2783 Hypecoum.

167 2800 232 2839 38.
262 2794 267 2798 “
295 2798 351 2841 Η.
380 2800 685 2852 qrandiflorum
713 2800 747 2840 B
767 2798 831 2839 th.
875 2799 960 2840 cat.
1003 2799 1150 2853 Pyren.
1191 2811 1231 2853 p.
1272 2800 1340 2841 91.
1373 2796 1496 2839 Gren.
1529 2793 1651 2837 Godr.
1683 2795 1710 2839 1.

56 2879 88 2906 c.
120 2878 159 2921 p.
189 2868 254 2908 63.
