1867 3215
1597 54 1694 102 149

655 223 657 225 .
713 179 1029 221 Orohtdeae.

786 246 962 287 Aceras.

158 319 250 360 986.
312 312 873 367 A.anc12r0pophoraR.B1-.
890 312 1089 355 -Rchb.
1105 311 1161 355 fil.
1189 312 1424 357 1e.0robid.
1454 326 1595 369 europ.
1610 316 1638 354 t.
1655 316 1693 356 5.

156 385 202 424 ln
233 384 406 425 collibus
436 381 681 439 graminosis
728 381 836 421 inter
865 379 1048 437 Vergara
1077 384 1118 421 et
1160 381 1341 423 Anzuela
1378 382 1420 422 in
1459 381 1696 436 Guipuzeoa

49 463 154 497 raro.
184 451 295 507 Majo
327 465 358 492 c.
391 450 478 491 flor.

162 521 254 561 98¹7.
315 518 366 557 A.
399 519 563 558 hircina
595 513 757 557 Lindi.
789 538 843 545 —
873 514 1001 556 Rchb.
1032 513 1090 558 fil.
1129 515 1184 558 lc.
1220 520 1249 556 t.
1278 517 1319 557 8.
1376 515 1697 572 (Himantoglos-

53 598 142 626 sum
174 585 316 626 hirein.
346 584 485 632 Rich.)
514 607 567 614 —
596 583 657 623 Pl.
690 596 776 626 exs.
808 582 898 624 coll.
929 596 1019 623 ven.
1050 597 1089 624 n.
1125 587 1215 625 185.

159 652 205 692 In
238 653 486 708 graminosis
516 664 643 705 prope
660 651 814 692 Tolosa
844 651 887 690 in
905 650 1143 705 Guipuzcoa
1175 652 1362 707 eopiose3
1392 651 1433 692 in
1466 650 1574 694 valle
1588 649 1701 693 fluvii

49 720 210 779 Aragon
242 733 422 774 perraro.
456 719 581 761 Junio
611 732 643 759 o.
678 718 767 758 flor.

733 785 1021 837 Anacampcis.

168 857 263 896 988.
323 854 371 894 Α.
402 855 678 906 pyramidalis
707 852 851 893 Rich.
899 878 948 884 -
994 850 1124 894 Rchb.
1156 850 1212 895 fil.
1254 852 1308 896 lc.
1338 856 1366 894 t.
1396 856 1433 895 9.
1470 851 1500 894 1.
1545 878 1600 887 --
1640 853 1701 897 Pl.

55 936 140 963 exs.
173 923 265 963 coll.
296 935 387 963 ven.
420 935 456 962 n.
490 924 556 963 67.

160 989 205 1029 ln
238 990 411 1030 collibus
443 988 691 1044 graminosis
720 987 903 1028 dumosis
933 1001 1063 1042 prope
1091 988 1252 1037 Bilbao,
1279 989 1477 1044 Vergara,
1504 987 1701 1038 Heruani,

48 1058 160 1098 Yrun
191 1061 267 1098 etc.
299 1070 373 1112 per
402 1061 528 1096 totam
558 1056 820 1096 Cantabriam
850 1057 955 1097 satis
995 1057 1191 1110 oopiose3
1238 1057 1279 1097 in
1323 1055 1560 1098 nemoribus
1595 1057 1702 1097 inter

49 1124 152 1166 Jaca
183 1129 224 1165 et
255 1125 299 1165 S.
331 1125 441 1167 Juan
471 1124 520 1165 de
550 1124 590 1164 la
618 1125 743 1165 Pena.
804 1124 929 1179 Maj0,
960 1124 1056 1165 Jun.
1090 1124 1175 1165 Jul.
1209 1138 1240 1164 c.
1274 1123 1360 1165 flor.

770 1191 986 1242 Serapias,

158 1262 252 1302 989.
311 1259 356 1302 S.
388 1258 554 1308 Linyua
583 1258 628 1299 L.
675 1258 802 1300 Rehb.
833 1257 890 1299 fil.
946 1258 1000 1300 lc.
1042 1262 1070 1300 t.
1101 1261 1167 1301 87.
1199 1258 1250 1299 ll.
1295 1281 1349 1289 —
1392 1258 1452 1299 Pl.
1489 1271 1575 1299 exs.
1607 1258 1701 1299 coll.

51 1339 141 1367 ven.
175 1340 214 1366 ιι.
247 1330 312 1369 25.

161 1394 205 1433 ln
238 1393 410 1434 collibus
441 1393 639 1434 calcareis
668 1395 919 1449 graminosis
952 1395 1103 1448 apricis
1127 1393 1372 1435 Cantabriae
1401 1395 1572 1448 passim,
1603 1407 1638 1437 v,
1667 1410 1702 1438 c.

49 1476 177 1518 prope
207 1463 318 1503 Yrun
343 1464 459 1516 juxta
489 1466 638 1502 turrem
669 1461 911 1517 telegraphi.
944 1461 1054 1517 Majo
1087 1476 1120 1502 e.
1152 1461 1239 1501 flor.

157 1533 251 1572 990.
316 1529 363 1569 S.
396 1532 615 1583 cordiqera
643 1528 689 1569 L.
732 1528 862 1570 Rchb.
897 1527 954 1569 fil.
1000 1528 1054 1569 Ie.
1097 1532 1137 1588 t.¹
1167 1531 1234 1570 88.
1282 1552 1332 1560 -
1378 1527 1438 1569 ΡΙ.
1485 1541 1571 1573 exs.
1612 1529 1703 1573 eoll.

52 1610 143 1638 ven.
177 1611 214 1638 n.
247 1600 312 1639 69.

160 1663 208 1704 ln
238 1665 488 1719 graminosis
517 1677 590 1719 per
630 1666 756 1704 totam
788 1663 1047 1704 Cantabriam
1088 1664 1192 1703 satis
1238 1662 1515 1705 abundanter:
1558 1661 1705 1702 Bilbao

51 1733 166 1787 juxta
197 1731 410 1771 Convento
456 1731 507 1771 de
547 1730 830 1784 Gapuehinos,
874 1733 916 1772 in
946 1732 1074 1785 pratis
1118 1744 1247 1786 prope
1292 1732 1473 1772 Otannes
1521 1731 1705 1785 copiose,

50 1800 331 1839 Somorrostro
362 1811 468 1848 raro,
502 1799 701 1854 Vergara,
733 1797 1000 1850 Villafranca,
1031 1798 1198 1848 Tolosa,
1231 1799 1424 1840 Hernani.
1456 1797 1581 1853 Majo,
1608 1798 1703 1840 Jun.

54 1879 86 1908 c.
116 1865 204 1906 flor.

163 1932 256 1974 obs.
283 1925 438 1972 'Color
466 1931 685 1987 perianthii
726 1934 766 1973 in
809 1933 949 1988 planta
986 1934 1080 1974 viva
1124 1933 1582 1989 brunnen-purpureus
1628 1946 1705 1979 nee

56 2001 263 2050 lilaoinus,
294 2003 338 2040 ut
368 2001 408 2039 in
439 2000 557 2040 icone
587 2002 722 2041 citato.

162 2071 256 2109 991.
317 2066 363 2107 S.
397 2069 600 2118 laoez‘flora
630 2068 819 2109 Chaub.
851 2067 981 2109 Rohb.
1011 2066 1067 2110 fil.
1109 2067 1162 2108 le.
1203 2072 1232 2109 t·
1264 2072 1329 2111 90.
1362 2068 1436 2112 111,

167 2135 214 2176 ln
244 2137 492 2191 graminosis
520 2137 625 2176 inter
656 2136 809 2176 Tolosa
840 2141 880 2176 et
896 2136 1079 2176 Hernani
1107 2137 1147 2176 in
1167 2136 1404 2192 Guipuzcoa
1433 2149 1540 2178 raro.
1579 2135 1705 2178 Junio

53 2217 88 2244 c.
117 2202 203 2243 flor.

798 2269 959 2309 Orchia.

161 2341 255 2380 992.
315 2336 363 2377 0.
386 2339 632 2388 coriophora
650 2336 692 2379 1..
724 2350 807 2378 var.
837 2336 1081 2377 Polliniana
1109 2337 1262 2378 Rohb.
1293 2335 1349 2381 fil.
1380 2339 1421 2380 in
1439 2337 1570 2380 deser.
1588 2337 1706 2381 Orela.

51 2419 91 2446 n.
123 2408 162 2447 6.
221 2406 282 2457 (Ο.
312 2404 502 2461 fragrans
532 2405 633 2446 Poll.
663 2405 793 2446 Rehb.
825 2403 882 2445 fil.
915 2405 968 2446 Ic.
1002 2410 1028 2445 t.
1063 2406 1145 2458 14.)
1183 2429 1236 2437 -
1278 2406 1338 2447 Pl.
1371 2418 1454 2447 exs.
1487 2406 1702 2449 collsven.

50 2487 89 2517 n.
119 2477 214 2514 222.

165 2540 211 2580 In
243 2541 411 2593 pascuis
441 2541 564 2581 siccis
592 2541 642 2582 ad
671 2541 802 2581 rivum
832 2541 941 2596 Arga
979 2544 1102 2596 atque
1141 2555 1268 2596 prope
1297 2540 1521 2594 Pamplona
1557 2540 1599 2581 iu
1628 2540 1707 2581 Na-

52 2620 184 2658 varra,
224 2608 265 2647 in
295 2607 404 2648 valle
435 2607 549 2649 fluvii
578 2610 740 2666 Aragon
770 2610 878 2650 inter
905 2609 1015 2650 Yesa
1045 2614 1086 2649 et
1115 2609 1305 2650 Tiermes
1334 2609 1517 2664 copiose.
1577 2607 1704 2650 Junio

52 2689 86 2716 c.
118 2674 204 2716 flor.

155 2739 260 2784 993.
322 2740 368 2783 0.
385 2745 572 2784 mascula
588 2743 634 2787 1..
657 2743 758 2786 Rch.
775 2741 832 2785 fil.
853 2743 908 2786 lc.
928 2748 954 2786 t.
973 2747 1038 2787 38.
1058 2744 1088 2785 1.
1106 2767 1159 2774 —-
1179 2745 1239 2786 Pl.
1258 2758 1344 2785 exs.
1362 2744 1454 2785 eoll.
1472 2756 1562 2785 ven.
1580 2756 1619 2784 ιι.
1636 2746 1706 2789 82.

170 2809 216 2850 ln
246 2811 481 2851 nemoribus
511 2812 754 2854 Cantabriae
785 2812 889 2853 haud
919 2811 1134 2867 frequens:
1171 2800 1296 2866 prope
1326 2810 1513 2861 Galindo,
1544 2811 1708 2872 Some(-

54 2882 204 2931 rostro,
233 2879 275 2920 in
305 2882 418 2924 Pena
449 2880 652 2936 Gorveya.
708 2880 819 2936 Majo
850 2895 884 2922 e.
916 2879 1002 2922 flor.
