1867 3215
1677 45 1732 105 ⁷,

171 179 219 220 In
259 175 434 220 vallibus
473 176 765 231 pyrenaeorum
804 178 1023 236 Aragoniae
1070 179 1362 224 inferioribus.-
1405 183 1447 223 in
1490 184 1710 239 glareosis,

64 247 240 290 humidis
271 257 397 302 prope
427 257 557 300 pagos
588 243 804 297 Cannam,
835 248 1010 298 Sallent‚
1040 248 1273 302 Panticosa,
1305 252 1528 293 3-4000‘,
1585 250 1710 293 Junio

65 330 97 357 0.
130 314 218 356 flor.

771 379 1003 424 Barbarea.

175 452 242 492 48.
303 448 355 490 Β.
384 449 532 487 stricta
563 446 739 488 Andrz.
800 440 930 492 Rehb'.
971 450 1023 492 Ic.
1065 450 1128 493 Fi,
1169 464 1297 508 germ.
1339 451 1390 494 11.
1440 453 1467 494 f.
1499 455 1622 496 4355.
1654 453 1713 496 ΡΙ.

66 532 152 561 exs.
183 517 274 558 0011.
307 527 398 556 ven.
430 516 512 556 578
541 528 573 555 c.

175 584 223 625 In
252 584 401 637 Pyren.
433 583 554 638 Arag.
593 583 635 623 in
672 582 876 638 glareosis
914 585 1129 640 graniticis
1157 600 1286 642 prope
1316 588 1463 631 balnea
1494 589 1716 632 Panticosa

65 653 116 696 ad
145 653 214 696 alt.
244 651 381 694 4700’.
412 649 508 692 Jun.
538 663 572 691 c.
604 649 652 692 fr.

799 718 965 763 Arabis

175 791 242 830 49.
302 785 353 829 Α.
384 786 527 835 alpina
556 784 690 825 Hali.
751 785 878 829 Rchb
920 786 975 831 Ic.
1013 786 1074 828 Fi.
1115 800 1155 844 g.
1196 787 1248 829 11.
1291 787 1317 829 f.
1348 791 1469 833 4327.
1529 792 1588 833 ΡΙ.
1621 805 1707 834 exs,

68 856 158 897 coli.
189 868 282 896 ven.
313 867 354 894 n
386 855 479 894 125

175 921 222 963 ln
253 919 416 962 fissuris
445 921 607 976 rupi-um
638 920 912 963 calcarearum
942 924 1139 964 montium
1170 924 1493 966 cantabricarum
1524 926 1718 979 Pyrenae-

68 1003 262 1045 orumque
299 988 560 1029 neutralium:
602 987 653 1028 ad
692 1001 816 1043 rupes
855 991 968 1041 iuxta
1005 992 1279 1032 sanctuarium
1322 993 1365 1035 S,
1405 992 1551 1047 Roque
1590 1007 1717 1048 prope

70 1058 235 1108 Bilbao,
276 1059 316 1097 in
347 1057 460 1098 Pena
490 1055 703 1109 Gorveya,
743 1058 785 1097 in
824 1058 1000 1098 vallibus
1029 1058 1176 1112 Pyren.
1209 1060 1328 1115 Arag.
1360 1062 1468 1101 circa
1501 1060 1716 1110 Causam,

69 1125 227 1166 Sauent
257 1128 333 1164 etc.
366 1137 495 1178 usque
526 1126 662 1165 4500’.
692 1124 818 1180 Majo,
851 1125 947 1166 Jun.
980 1140 1012 1166 c.
1045 1126 1084 1166 ss.
1116 1131 1157 1167 et
1186 1126 1232 1167 fr.

179 1196 244 1234 50.
303 1191 353 1230 Α.
385 1193 623 1230 auriculam
652 1191 816 1232 Lamk.
850 1192 979 1233 Rchb.
1013 1193 1065 1234 lc.
1099 1194 1125 1235 1.
1158 1209 1191 1235 c.
1225 1195 1251 1235 f.
1284 1197 1405 1238 4334.

179 1258 225 1299 In
265 1258 523 1311 rupestribus
563 1259 713 1312 apricis
752 1261 901 1299 montis
932 1260 1044 1301 Pena
1085 1260 1135 1301 de
1168 1262 1288 1302 Oroel
1322 1264 1361 1302 in
1394 1264 1511 1318 Arag.
1546 1277 1635 1317 sup.
1668 1262 1718 1304 ad

66 1327 135 1369 alt.
166 1327 304 1368 5000‘.
335 1325 461 1367 Junio
492 1339 524 1367 c.
558 1326 605 1366 fr.

179 1398 243 1436 51.
304 1393 355 1434 A.
385 1396 550 1435 hirsuta
580 1393 727 1448 Scop.
789 1395 917 1438 Rchb.
957 1395 1011 1436 Ic.
1054 1396 1077 1438 1.
1122 1410 1155 1438 0.
1200 1395 1225 1436 f.
1259 1399 1382 1438 4342.
1412 1397 1473 1438 Pl.
1507 1410 1592 1437 exs.
1625 1398 1715 1439 coli.

68 1475 159 1507 ven.
189 1475 228 1502 n.
262 1465 351 1502 124.

177 1528 225 1569 In
254 1527 416 1569 fissuris
445 1530 603 1583 rupium
635 1530 909 1571 calcarearum
940 1535 982 1572 et
1012 1532 1288 1572 arenariarum
1321 1546 1393 1587 per
1423 1537 1551 1574 totum
1584 1537 1718 1587 syste-

66 1598 188 1639 matis
227 1597 438 1651 pyrenaici
477 1600 648 1638 tractum
689 1597 738 1637 ad
780 1598 848 1639 ait.
883 1601 966 1640 500
981 1600 1184 1647 --4000’,
1216 1612 1330 1653 saepe
1361 1601 1402 1640 in
1434 1602 1639 1641 consortio
1672 1602 1715 1642 A.

65 1666 237 1720 aipinae:
269 1664 354 1704 San
384 1665 530 1719 Roque
559 1678 685 1719 prope
717 1666 878 1716 Biibao,
910 1680 1039 1721 prope
1072 1666 1226 1707 Otanez
1256 1668 1296 1706 in
1328 1681 1440 1722 prov.
1473 1666 1718 1715 Santander,

23 1732 29 1739 ⁸
62 1732 176 1774 Pena
206 1731 257 1772 de
288 1731 433 1782 Orosi,
482 1732 631 1772 Puerto
663 1733 712 1774 de
744 1732 971 1785 Canfranc,
1015 1735 1057 1774 in
1095 1734 1202 1775 valle
1242 1733 1355 1775 fluvii
1395 1735 1568 1791 Gallego
1611 1734 1717 1776 infra

65 1801 242 1842 Salient.
271 1798 397 1853 Majo,
429 1799 524 1840 Jun.
557 1813 590 1840 c.
624 1799 664 1841 fl.
1455 1814 1458 1834 ι
1655 1812 1664 1817 ν

172 1871 235 1910 52.
297 1866 348 1907 Α.
379 1869 521 1907 niliaca
551 1867 601 1907 R.
633 1867 699 1907 ΒΓ.
731 1871 775 1922 β.
808 1867 964 1909 hirsuta
993 1867 1106 1909 Koch
1123 1869 1221 1922 Syn.
1254 1869 1314 1909 Fi.
1346 1882 1386 1924 g.
1418 1869 1480 1911 ed.
1513 1869 1564 1911 11.
1598 1872 1714 1924 p.46.

66 1935 132 1984 (A.
163 1935 357 1988 alpestris
387 1933 495 1975 Schi.
526 1933 655 1974 Rchb.
688 1934 741 1976 Ic.
772 1934 834 1976 Fl.
866 1948 905 1991 g.
938 1935 991 1976 ΙΙ.
1022 1935 1049 1976 f.
1082 1938 1191 1977 4338
1222 1936 1282 1984 b.)

175 2001 234 2043 Ad
265 2015 388 2056 rupes
420 2001 838 2043 calcareo-arenarias
867 2004 1019 2043 montis
1049 2004 1163 2044 Pena
1192 2002 1243 2043 de
1267 2003 1387 2044 Oroel
1415 2005 1557 2046 rariss.
1589 2003 1715 2045 Junio

66 2082 99 2110 c.
131 2068 196 2120 fl.,
236 2070 277 2109 in
320 2070 507 2110 arenosis
545 2070 760 2125 graniticis
798 2084 923 2125 prope
967 2071 1114 2112 balnea
1144 2071 1365 2112 Panticosa
1395 2070 1445 2112 ad
1473 2071 1543 2112 ait.
1575 2073 1715 2114 4700’.

64 2136 161 2177 Jun.
194 2150 227 2179 c.
259 2135 306 2177 fr,
1574 2158 1577 2164 ·

176 2207 240 2245 53.
302 2203 350 2244 Α.
385 2205 530 2244 stricta
560 2204 714 2246 Huds.
763 2204 889 2247 Rchb.
922 2204 975 2246 Ic.
1008 2205 1033 2246 1.
1066 2204 1093 2245 f.
1125 2208 1246 2249 4337.
1287 2205 1348 2250 ΡΙ.
1382 2219 1470 2247 exs.
1502 2205 1593 2248 0011.
1626 2218 1716 2246 ven.

65 2284 102 2311 ιι,
136 2273 227 2314 177.

175 2337 221 2378 ln
265 2339 454 2380 arenosis
490 2339 686 2380 calcareis
716 2340 868 2381 montis
898 2339 1010 2382 Pena
1041 2339 1233 2394 Gorveya
1263 2340 1305 2381 in
1335 2340 1517 2394 Vizcaya
1546 2339 1716 2394 passim.

65 2404 161 2446 Jun.
194 2420 226 2448 0.
257 2405 296 2446 fl.

757 2474 1021 2514 Cardamine.

177 2543 244 2583 54.
305 2539 348 2580 0.
380 2537 625 2589 resedifolia
654 2540 698 2583 L.
730 2540 860 2582 Rchb.
893 2540 946 2582 Ic.
978 2541 1004 2584 1.
1038 2555 1071 2581 0.
1102 2539 1131 2583 f.
1163 2544 1285 2584 4300.
1318 2540 1377 2582 ΡΙ.
1396 2553 1482 2582 exs.
1501 2540 1592 2581 0011.
1624 2553 1716 2582 ven.

68 2620 105 2647 n.
141 2610 233 2649 126.

173 2673 221 2713 In
266 2674 470 2714 montibus
513 2674 759 2715 cantabricis
801 2675 1099 2729 Pyrenaeisque
1143 2674 1384 2730 Aragoniae:
1441 2675 1526 2715 San
1571 2674 1717 2728 Boque

66 2753 192 2795 prope
222 2739 368 2781 Bilbao
406 2753 522 2791 raro,
561 2743 602 2781 in
641 2742 865 2797 pinguibus
903 2745 1054 2783 montis
1084 2742 1199 2784 Pena
1228 2741 1421 2795 Gorveya
1450 2741 1642 2794 copiose]
1673 2742 1715 2782 in

66 2808 254 2848 arenosis
283 2808 497 2863 graniticis
526 2821 649 2862 supra
679 2808 828 2851 balnea
856 2808 1092 2862 Panticosa,
1124 2808 1261 2853 5500*Ι
1322 2806 1448 2862 Majo,
1477 2807 1574 2851 Jun.
1607 2821 1643 2849 0,
1671 2807 1713 2848 fl.

69 2877 109 2917 et
138 2872 185 2914 fr.
