1867 3215
118 81 185 128 90

120 212 161 250 in
193 221 320 265 regno
351 206 600 262 Legionensi
629 206 678 247 ad
711 208 864 247 viarum
897 208 1106 263 margines
1136 209 1243 248 circa
1274 206 1413 249 urbem
1438 207 1695 260 Salamanca.
1727 209 1768 249 in

122 277 302 317 Castella
343 279 481 314 vetere
520 274 626 313 inter
656 273 902 314 Fontiveros
942 279 982 313 et
1014 275 1256 316 Villanueva
1286 276 1336 315 de
1367 276 1546 325 Gomez‚
1591 297 1640 304 —
1678 277 1770 317 sine

121 343 241 383 dubio
275 355 346 396 per
376 345 500 380 totam
534 340 774 394 Hispaniam
807 343 1040 383 centralem.
1073 342 1155 383 Jul.
1193 345 1292 399 Aug.
1326 357 1355 383 c.
1387 343 1473 382 flor.
1506 342 1552 383 fr.

231 410 324 448 Oba.
384 406 562 447 Aehenia
590 409 859 460 speciminum
891 422 1068 449 meorum
1101 409 1275 450 diversis
1305 410 1408 449 locis
1430 410 1625 450 lectorum
1660 411 1769 450 cine-

118 492 189 519 rea
220 475 450 517 concoloria
479 487 554 514 nec
586 476 830 529 nigricantia
859 476 951 516 albo
973 469 1137 527 striata,
1170 482 1211 518 ut
1243 491 1290 516 ex
1323 477 1510 531 diagnosi
1543 476 1592 516 cl.
1627 476 1768 516 Bois-

119 545 265 585 sieri.
295 541 424 594 Pappi
454 541 586 581 series
618 545 785 582 externa
815 542 1028 584 achenium
1061 544 1265 584 dimidium
1297 546 1360 583 vix
1392 555 1587 595 aequans.

232 612 323 652 576.
384 606 427 647 0.
459 613 607 647 ornata
639 609 809 651 Willd‘.
843 609 950 651 Dec.
986 611 1048 651 Pr.
1081 611 1146 652 Vl.
1181 625 1216 666 p.
1252 612 1343 651 588.
1376 634 1428 641 --
1469 610 1527 651 Pl.
1559 623 1643 651 exs.
1676 609 1769 656 coll.

121 691 210 718 ven.
242 690 281 716 ιι.
314 677 407 716 447.

228 742 275 783 ln
313 739 569 796 rupestribus
605 741 731 782 aridis
773 748 894 798 atque
931 743 979 783 ad
1013 746 1220 785 vinearum
1254 746 1462 800 margines
1492 745 1531 785 in
1563 744 1769 785 consortio

120 809 406 867 praecedentis
436 822 563 864 prope
594 808 753 849 Daroca
772 841 782 860 ,
813 811 979 864 copiose
1010 812 1049 851 in
1081 812 1254 866 planitie
1284 812 1366 852 alta
1398 813 1504 851 inter
1535 811 1690 852 Molina
1718 810 1770 852 (le

118 880 281 932 Aragon
312 880 353 916 et
383 874 601 916 Pozondon
634 877 742 916 circa
772 889 902 932 pagos
932 876 1063 917 Chera
1093 883 1133 918 et
1163 879 1319 919 Setiles
1350 878 1545 925 (abundat
1575 880 1615 919 in
1645 877 1772 919 aridis

116 945 313 986 Baeticae
343 943 598 997 superioris).
629 942 711 983 Jul.
745 943 845 998 Aug.
877 957 909 982 c.
943 943 1029 985 flor.
1062 949 1102 984 et
1133 944 1179 987 fr.

230 1012 321 1053 577.
383 1008 426 1048 0.
457 1021 610 1062 aspera
640 1009 681 1050 L.
715 1009 837 1049 Gren.
872 1009 993 1050 Godr.
1027 1010 1087 1051 Fl.
1119 1011 1183 1052 Fr.
1218 1011 1268 1052 ll.
1303 1026 1339 1066 p.
1373 1015 1465 1054 259.

230 1077 275 1118 ln
315 1075 441 1117 aridis
479 1078 586 1117 inter
615 1076 719 1118 Jaca
759 1081 800 1117 et
832 1077 874 1118 S.
907 1078 1016 1118 Juan
1048 1078 1098 1119 de
1129 1079 1167 1119 la
1199 1079 1310 1120 Pena
1340 1081 1381 1119 in
1415 1081 1619 1135 Aragonia
1647 1093 1767 1134 aupe-

120 1148 227 1188 riore
255 1157 358 1186 raro.
389 1142 502 1184 Julio
533 1157 566 1184 c.
598 1143 686 1186 flor.

229 1213 324 1254 578.
383 1209 426 1251 C.
458 1212 777 1262 calciet-apamen
801 1211 843 1252 L.
877 1211 984 1252 Dec.
1019 1213 1080 1253 Pr.
1117 1213 1183 1253 Vl.
1217 1227 1253 1268 p.
1286 1217 1378 1256 597.
1404 1237 1445 1242 m
1469 1214 1526 1255 Pl.
1560 1228 1643 1255 ets.
1676 1215 1769 1256 coll.

118 1293 207 1322 ven.
240 1293 278 1320 ιι.
308 1280 363 1320 94
394 1277 428 1317 b.
697 1271 701 1274 ζ
1551 1277 1556 1281 ’

230 1347 274 1388 ln
305 1344 517 1386 sterilibus
547 1346 671 1386 salsis
702 1347 742 1385 in
773 1345 973 1386 valleculo
1005 1346 1211 1387 Barraneo
1250 1347 1390 1388 salado
1421 1361 1549 1403 prope
1579 1347 1771 1404 oppidum

120 1417 249 1458 zuera
280 1414 321 1453 in
351 1413 556 1468 Aragonia
585 1411 781 1453 inferiore
814 1414 993 1465 copiose.
1025 1413 1138 1454 Julio
1171 1428 1204 1453 c.
1238 1413 1323 1454 flor.
1357 1419 1399 1455 et
1428 1414 1474 1456 fr.

224 1479 317 1521 Oba.
376 1478 488 1520 Haec
511 1480 676 1534 species
704 1480 745 1519 in
762 1478 925 1532 Europa
956 1480 1198 1521 occidentali
1226 1481 1402 1522 nondum
1433 1482 1649 1523 observata
1666 1486 1767 1523 erat.

776 1545 1101 1590 Microlonchus.

228 1616 320 1656 579.
380 1612 439 1652 M.
471 1614 748 1654 sulmontinus
779 1613 904 1655 nec.
945 1613 1010 1654 Pr.
1050 1612 1117 1654 Vl.
1160 1614 1328 1668 p.'553.
1372 1635 1423 1646 -—
1462 1617 1521 1657 Pl.
1555 1630 1640 1658 exs.
1673 1617 1765 1661 con.

119 1694 210 1722 ven.
242 1683 281 1721 nt
317 1682 406 1722 189.
1255 1706 1257 1708 -

233 1747 277 1788 ln
309 1747 474 1788 olivetis
504 1761 632 1802 prope
662 1748 817 1802 Alagon
850 1748 890 1787 in
923 1749 1147 1803 Aragonia3
1185 1747 1363 1789 abundat
1400 1750 1440 1789 in
1487 1749 1607 1790 cultis
1636 1755 1677 1791 et
1705 1762 1771 1792 ru·

118 1815 273 1857 ‹lex-atis
303 1815 429 1856 totius
460 1813 687 1867 Hispaniae
717 1814 987 1855 australioris.
1021 1814 1134 1855 Julio
1164 1828 1197 1855 c.
1229 1814 1314 1856 flor.

848 1879 1030 1922 Leuzea.

230 1951 323 1990 580.
382 1946 430 1992 L.
460 1949 653 1998 canifera
682 1947 810 1989 Dec.
854 1947 915 1991 Pr.
958 1948 1026 1989 Vl.
1068 1962 1105 2002 p.
1136 1951 1231 1991 665.
1265 1972 1316 1978 ——
1346 1949 1405 1989 Pl.
1439 1963 1524 1990 ers.
1555 1949 1646 1991 coll.
1679 1963 1770 1993 ven.

120 2029 158 2056 u.
191 2017 286 2057 387.

233 2082 279 2122 ln
311 2080 570 2137 rupestribus
611 2082 761 2136 apricis
795 2083 944 2122 summi
969 2083 1059 2137 Jugi
1091 2083 1242 2122 montis
1269 2084 1410 2123 Sancti
1443 2083 1618 2125 Joannls
1649 2098 1775 2139 prope

123 2150 228 2190 Jaca
259 2149 308 2189 ad
340 2149 408 2189 alt.
440 2151 579 2198 3500¹‚
610 2149 693 2190 Jul.
728 2163 759 2189 c.
792 2148 882 2191 flor.
921 2149 966 2189 ln
998 2150 1203 2205 glareosis
1232 2150 1463 2204 Aragoniae
1493 2151 1701 2191 interioris
1731 2156 1772 2191 et

119 2215 326 2257 Gastellae
359 2229 492 2257 novae
522 2218 688 2270 passim.

853 2283 1036 2324 Carlina.

231 2352 324 2391 581.
385 2350 428 2391 0.
459 2352 699 2400 corymbosa
730 2350 772 2389 1..
810 2352 932 2391 Gren.
968 2350 1088 2390 Godr.
1120 2350 1142 2389 l.
1176 2364 1206 2389 c.
1241 2364 1276 2403 p.
1310 2354 1402 2393 277.

234 2415 416 2456 Abundat
456 2417 496 2455 in
538 2416 681 2465 cultis,
722 2417 948 2466 rudentis,
993 2418 1227 2467 sterilibus,
1274 2420 1386 2472 agris
1416 2417 1622 2459 derelictis
1652 2423 1769 2476 regni

120 2482 314 2522 valentini
355 2486 394 2521 et
426 2482 630 2522 Castellae
670 2496 824 2534 novae,
866 2484 939 2524 sed
979 2497 1122 2525 mense
1153 2486 1333 2539 Augusto
1365 2490 1541 2525 exeunte
1567 2486 1649 2538 jam
1681 2486 1768 2528 fere

118 2562 287 2604 prorsus
318 2551 523 2589 exsiccata
551 2549 815 2603 aclneniisque
847 2550 1041 2591 destituta
1072 2556 1169 2590 erat.

230 2607 323 2645 582.
384 2605 426 2644 C.
458 2607 601 2643 lanata
633 2603 663 2643 L
710 2605 832 2645 Gren.
866 2607 986 2647 Godr.
1020 2608 1044 2645 l.
1075 2621 1106 2648 c.

230 2660 274 2698 ln
316 2660 516 2700 ruderatis
555 2660 713 2699 castelli
756 2675 881 2715 prope
922 2662 1112 2716 oppidum
1144 2661 1269 2701 Chiva
1310 2663 1349 2700 in
1389 2675 1517 2717 regno
1558 2664 1762 2705 valentino

120 2727 222 2755 raro.
257 2716 355 2769 Aug.
389 2730 420 2755 c.
454 2715 537 2756 flor.
571 2721 610 2754 et
641 2715 687 2754 tr.

229 2772 323 2811 583.
386 2773 426 2808 Γ.
458 2781 670 2810 racemosa
698 2768 740 2809 L.
774 2770 880 2810 Dec.
915 2772 975 2811 Pr.
1010 2771 1077 2811 Vl.
1111 2786 1147 2825 p.
1181 2775 1272 2813 547.
1306 2773 1369 2817 (C.
1393 2774 1613 2827 sulphurea
1631 2774 1763 2821 Dens.)

231 2825 276 2864 Ιιι
319 2828 430 2879 agris
470 2826 676 2866 derelictis
717 2826 821 2864 inter
850 2826 1065 2866 Colmenar
1105 2832 1146 2866 et
1175 2826 1333 2866 Chozas
1377 2841 1503 2883 prope
1544 2829 1759 2871 madritum

115 2883 158 2920 ot
187 2877 284 2921 subt
311 2881 354 2921 ln
384 2881 565 2921 castella
595 2892 714 2928 nova,
747 2880 851 2921 haud
882 2880 1085 2933 frequens.
1116 2882 1232 2935 Sept.
1263 2895 1295 2922 c.
1327 2881 1412 2923 flor.
1446 2889 1486 2924 et
1514 2884 1560 2925 fr.
