1867 3215
1625 72 1687 119 85

50 208 276 261 perioribus
307 210 427 260 atque
456 206 495 245 in
528 216 683 244 summo
712 205 811 258 jugo
842 204 991 244 montis
1010 203 1207 257 Moncayo
1238 204 1417 257 copiose.
1443 204 1588 255 munio,
1620 204 1689 245 Ju-

49 276 104 315 lio
135 289 168 315 c.
201 275 287 315 flor,

165 341 255 384 obs,
313 340 467 389 variat,
499 342 541 377 ut
571 337 677 392 apud
707 349 796 387 nos,
827 338 996 380 floribus
1027 339 1131 379 albis
1162 343 1203 379 et
1233 340 1376 380 roseis

794 404 954 458 Filaqo.

165 478 256 516 547.
319 474 366 516 F.
396 473 634 524 spa-mulam
665 472 830 514 Presl,
868 472 981 513 Jord.
1016 471 1109 514 Obs.
1140 472 1303 528 Fragm.
1345 472 1417 512 111.
1461 487 1499 526 p.
1540 475 1632 514 199.
1664 475 1691 511 t.

51 545 89 585 7.
124 542 246 584 (iren.
279 541 399 582 Godr.
432 540 489 580 Fl.
522 539 589 579 Fr.
621 539 672 579 11.
706 554 742 594 p.
778 543 868 581 191.
907 563 960 570 -
1001 540 1059 580 ΡΙ.
1100 554 1185 581 exs.
1228 540 1318 580 coil.
1352 553 1441 580 ven.
1475 554 1511 580 n.
1543 542 1624 580 422
1655 537 1691 578 b.

53 607 127 649 sub
158 610 321 649 nomine
351 609 402 649 F.
430 610 708 662 yermanicae.

161 675 206 715 In
238 677 435 716 calcareis
465 672 673 715 sterilibus
705 687 830 730 prope
861 687 1009 732 pagum
1039 674 1218 715 Liedena
1249 676 1288 714 in
1320 675 1513 714 Navarra.
1574 674 1698 715 Junio

55 757 87 783 c.
125 742 211 783 flor.

791 813 950 863 Loqsia.

166 884 257 923 548.
318 880 367 920 L.
398 883 589 920 subulam
620 879 764 925 Cass,
805 882 928 922 Gren.
962 879 1083 922 Godr.
1117 880 1142 920 Ι.
1176 892 1208 923 c.
1240 893 1277 935 p.
1313 881 1400 920 194.
1461 876 1523 924 (Ιι.
1552 875 1699 931 gallica

57 948 172 992 Coss,
206 949 328 988 Gren.
359 948 503 1004 Filago
534 949 684 1003 gallica
712 948 772 993 L.)

167 1014 211 1057 ln
242 1017 428 1057 arenosis
458 1017 565 1056 circa
593 1015 825 1062 Madritum,
858 1017 971 1069 Sept.
1005 1016 1096 1058 dess.
1130 1019 1171 1055 et
1201 1016 1348 1055 exsicc,

751 1083 984 1134 Micropus.

168 1154 259 1194 549.
319 1150 377 1193 M.
408 1155 570 1191 erectus
597 1150 713 1207 Lag.
754 1151 878 1195 Gren,
909 1150 1029 1192 Godr,
1062 1152 1087 1192 1.
1122 1166 1155 1192 c.
1189 1173 1240 1180 —
1271 1151 1330 1192 Pl.
1364 1164 1449 1192 exs.
1483 1149 1572 1191 coll.
1607 1162 1697 1190 ven.

52 1233 91 1260 n.
124 1222 216 1261 259.

165 1287 210 1326 In
251 1287 448 1326 calc-areis
488 1285 697 1326 sterilibus
740 1300 866 1341 prope
897 1285 1077 1326 Liedena
1114 1287 1153 1326 in
1194 1288 1399 1327 consortio
1432 1284 1569 1334 Ficay.
1601 1298 1698 1335 spa·

57 1357 254 1404 malacae,
287 1355 408 1393 etiam
440 1354 480 1393 in
513 1354 619 1394 valle
648 1354 759 1395 fluvii
792 1356 951 1409 Aragon
985 1367 1111 1408 prope
1143 1354 1344 1404 vermes,
1376 1354 1479 1395 Jaca
1509 1357 1584 1394 etc.
1627 1353 1698 1393 Ju-

52 1424 119 1463 nio
149 1437 181 1464 c.
214 1422 299 1462 flor.

758 1488 996 1528 Calendula.

167 1561 257 1599 550.
319 1557 362 1597 0.
397 1558 589 1596 aroensis
616 1556 659 1597 L.

168 1624 224 1665 Ad
255 1627 366 1675 vias,
398 1626 439 1664 in
469 1623 672 1664 ruderatis
703 1637 828 1679 prope
859 1622 1071 1680 Segorbe,
1102 1623 1360 1674 Murviedro,
1393 1622 1518 1664 Chiva
1549 1627 1624 1663 etc.
1659 1624 1697 1662 in

56 1705 183 1748 regno
212 1693 435 1741 valentino,
465 1693 565 1748 Aug.
595 1691 687 1733 defl.
718 1697 759 1733 et
788 1694 879 1732 sine
909 1706 1007 1732 sem.

766 1759 991 1810 Echinops.

165 1830 258 1869 551.
320 1825 372 1867 E.
404 1825 526 1867 Ricro
558 1826 599 1866 L.
632 1828 753 1868 Gren.
787 1827 908 1868 Godr.
941 1828 966 1866 l.
1000 1841 1032 1866 c.
1065 1841 1099 1880 p.
1136 1829 1227 1867 201.

161 1894 207 1934 ln
238 1894 444 1949 argillosis
475 1894 685 1935 sterilibus
716 1897 947 1951 Aragoniae
979 1893 1185 1934 inferioris
1215 1904 1342 1946 prope
1373 1891 1552 1940 Gurrea,
1582 1890 1702 1931 Zara-

54 1975 169 2017 goza,
204 1962 363 2001 Daroca
393 1967 470 2002 etc.
502 1976 575 2016 per
604 1967 728 2003 totam
762 1963 1000 2017 Hispaniam
1032 1961 1330 2001 australiorem.
1361 1959 1473 1999 Julio
1504 1972 1539 1999 c.
1573 1957 1657 1998 flor.

757 2030 998 2069 Galactices.

162 2100 255 2138 552.
316 2097 364 2136 G.
396 2100 627 2137 comencosa
656 2097 839 2139 Μὸηοίι,
873 2097 1120 2144 (Centaurea
1150 2095 1376 2134 Galactites
1405 2092 1469 2140 L.)

164 2164 220 2204 Ad
252 2165 353 2214 viam,
385 2178 521 2219 sepeS‚
553 2166 593 2205 in
625 2166 826 2207 ruderatis
856 2167 962 2205 inter
977 2162 1210 2205 Murviedro
1242 2166 1282 2201 et
1299 2161 1497 2201 valencia
1521 2161 1702 2214 copiose,

54 2231 127 2271 sed
166 2244 307 2271 mense
336 2232 519 2287 Augusto
557 2235 640 2286 jam
672 2233 759 2273 fere
791 2234 952 2273 omnino
994 2232 1200 2271 exsiccata
1230 2227 1396 2269 floribus
1427 2226 1705 2282 fructibusque

55 2299 261 2339 destituta.
292 2300 408 2339 Anno
444 2303 547 2342 1844
579 2300 724 2341 iisdem
755 2301 858 2340 locis
888 2300 1099 2340 florentem
1130 2299 1225 2353 iegi.

184 2378 189 2380 ‘
768 2367 969 2419 Silybum.

165 2437 258 2475 553.
317 2433 360 2473 S.
393 2433 638 2483 Marianum
668 2435 845 2478 Giirtn.
877 2435 986 2476 Dec.
1020 2434 1157 2474 Prodr.
1191 2432 1258 2473 Vl.
1292 2447 1330 2487 p.
1361 2434 1455 2474 616.

163 2500 349 2541 Abundat
390 2503 430 2541 in
471 2501 716 2558 pinguibus,
758 2503 981 2551 ruderatis,
1021 2502 1069 2541 ad
1110 2515 1233 2556 sepes
1261 2504 1301 2539 et
1332 2501 1421 2539 vias
1453 2499 1579 2539 totius
1617 2498 1703 2538 fere

54 2569 294 2622 Hispaniae,
326 2582 360 2608 v.
394 2583 427 2609 c.
461 2571 566 2610 circa
598 2570 735 2611 urbem
767 2571 990 2624 Pamplona
1019 2569 1320 2624 copiosissime.
1361 2567 1486 2608 Junio
1517 2581 1548 2606 c.
1581 2566 1619 2606 fl.

746 2637 1010 2687 Onopordon.

165 2707 256 2744 554.
318 2704 362 2744 0.
396 2704 654 2745 Acanthium
682 2705 725 2745 L.

169 2771 349 2810 Occurrit
380 2771 573 2825 frequens
604 2775 644 2812 in
675 2771 908 2822 sterilibus,
948 2773 1178 2828 argillosiS,
1220 2769 1421 2810 ruderatis
1461 2769 1586 2822 totius
1616 2768 1706 2807 His-

59 2839 216 2890 paniae,
249 2841 468 2892 praecipue
500 2841 538 2879 in
573 2841 777 2896 Aragonia
808 2839 1000 2880 inferiore
1032 2844 1072 2880 et
1102 2842 1347 2898 inutraque
1379 2835 1572 2876 Castella.
1619 2835 1701 2877 Jul.

55 2918 86 2944 c.
121 2904 204 2944 flor.
