1867 3215
144 100 239 145 loo

249 226 342 266 643.
403 222 455 265 E.
485 231 645 275 vayone
670 219 722 261 1..
755 219 839 260 DG.
870 220 897 260 1.
928 234 961 261 ο,
994 242 1046 252 -
1076 220 1136 261 Pl.
1168 234 1253 263 exs.
1285 221 1375 262 coll.
1409 233 1498 260 ven.
1531 232 1567 258 ιι.
1600 222 1690 260 522.

252 291 300 330 In
330 301 458 343 reguo
489 287 698 327 valentino
727 287 770 327 in
800 287 940 340 pineto
970 287 1059 327 loco
1096 288 1136 328 la
1164 287 1331 329 Debesa
1360 287 1410 327 ad
1439 287 1571 327 lacum
1600 284 1789 326 Albufera

146 357 321 409 passim,
362 355 531 407 copiose
569 354 611 393 iu
652 352 860 394 montibus
901 366 1028 407 prope
1067 354 1257 409 oppidum
1296 354 1448 403 Chim,
1488 354 1707 407 praecipue
1745 353 1786 392 iu

142 420 369 462 declivibus
399 418 667 460 orientalibus
696 420 919 460 cacuminis
949 420 1151 463 Casoleta.
1181 422 1281 477 Aug.
1314 435 1345 461 c.
1377 420 1463 461 flor.

253 488 347 528 644.
406 484 461 526 E.
489 485 823 538 polytrichifolia
852 486 1048 528 Salisb.
1098 487 1180 528 Dc.
1212 488 1237 528 l.
1270 502 1302 529 c.
1335 501 1374 542 p.
1406 489 1500 529 689.
1531 506 1584 514 -
1613 485 1672 527 ΡΙ.
1703 498 1786 524 ess.

145 552 236 594 coll.
266 564 355 592 ven.
386 564 425 592 n.
456 555 550 593 412.

255 618 397 659 Sierra
424 617 475 659 de
504 617 707 672 Moncayo
734 619 776 659 iu
807 623 923 674 parte
956 621 1168 674 superiore
1199 621 1341 662 lateris
1371 622 1640 677 aragonensis
1669 631 1792 674 supra

145 685 420 726 sanctuarium
451 684 503 725 ad
531 685 600 725 alt.
632 686 724 727 circ.
755 688 893 728 3000‘.
925 686 1039 727 Julio
1068 701 1100 728 c.
1134 687 1219 728 flor.

255 754 348 793 645.
408 751 461 792 E.
494 754 672 792 arborea
701 752 744 792 L.
777 752 886 793 nec.
928 754 951 793 l.
996 768 1028 797 c.
1060 758 1152 796 690.
1195 778 1245 785 —
1287 754 1345 793 Pl.
1389 767 1472 793 exs.
1506 752 1595 793 coll.
1631 765 1719 792 veu.
1753 766 1789 792 u.

148 820 205 859 89
233 821 276 858 et
303 820 396 859 4⁰2.

264 883 322 924 Ad
351 896 477 937 rupes
517 896 742 924 arcuaceas
781 900 908 942 prope
938 887 1144 940 Sopuerta
1183 889 1224 927 iu
1256 889 1432 939 Vizcaya
1472 898 1584 932 raro,
1623 884 1734 939 majo
1763 899 1794 923 c.

155 950 267 999 flor.;
313 951 455 991 Sierra
492 949 543 989 de
572 949 772 1004 Moncayo
803 954 844 992 in
878 955 1083 1006 quei-cetis
1112 955 1254 994 lateris
1285 953 1554 1008 aragonensis
1584 953 1687 991 iuter
1723 955 1793 990 1-

151 1018 278 1058 2000‘
307 1018 410 1057 satis
440 1016 704 1056 abundanter.
735 1018 847 1059 Julio
878 1018 1017 1060 deflor.

259 1085 354 1125 646.
413 1083 466 1123 E.
498 1085 693 1132 scoparia
720 1083 763 1123 L.
795 1084 903 1125 Dec.
937 1086 962 1124 l.
996 1100 1027 1126 c.
1060 1089 1153 1127 692.

266 1148 452 1190 Abundat
481 1150 521 1189 in
553 1149 748 1200 collibus,
779 1151 955 1192 dumetis
984 1153 1234 1207 sepibusque
1265 1152 1524 1201 Cantabriae,
1556 1152 1623 1191 ubi
1653 1152 1718 1191 die
1753 1155 1801 1192 17

154 1215 396 1257 Decembris
421 1218 504 1270 Jam
535 1215 718 1257 florebat.
778 1219 959 1259 Occurrit
988 1221 1110 1260 etiam
1142 1221 1182 1258 in
1215 1223 1352 1259 moute
1374 1220 1512 1259 Sierra
1542 1219 1592 1258 de
1621 1218 1800 1258 Guadar-

155 1295 269 1324 rama
298 1284 339 1323 in
369 1283 474 1323 silva
504 1282 625 1324 Piuar
654 1282 705 1324 de
730 1284 910 1338 Segovia
940 1290 1061 1338 atque
1091 1286 1132 1325 iu
1164 1287 1328 1326 ericetis
1360 1291 1639 1340 quercetorum
1662 1284 1800 1324 Extre-

152 1348 344 1390 madurae
375 1351 613 1404 superioris.

849 1404 1099 1461 Menziesia.

266 1474 360 1514 647.
421 1470 479 1512 M.
509 1470 704 1522 polifolia
733 1469 877 1512 Juss.
936 1472 1163 1516 (Daboecia
1204 1472 1388 1525 polifolia
1422 1472 1525 1512 Dec.
1573 1475 1595 1512 l.
1630 1488 1660 1512 c.
1692 1477 1804 1517 713.)

154 1537 212 1579 ΡΙ.
247 1550 333 1578 exs.
366 1538 456 1579 con.
486 1550 578 1578 ven.
609 1550 649 1578 n.
685 1542 750 1579 21.

266 1604 313 1644 ln
344 1604 551 1645 montibus
581 1603 853 1644 Cantabriae:
883 1619 1009 1659 prope
1035 1607 1144 1646 Yruu
1177 1611 1218 1645 et
1247 1607 1287 1645 in
1323 1606 1427 1644 valle
1460 1605 1568 1645 fluvii
1606 1605 1805 1645 Bidassoa

159 1684 266 1720 raro,
300 1672 506 1724 copiosius
537 1672 578 1711 iu
610 1670 786 1711 dumetis
811 1672 912 1726 jugo
942 1672 1091 1712 Puerto
1122 1672 1171 1712 de
1201 1672 1435 1726 Descarga3
1469 1673 1601 1727 magis
1630 1672 1807 1712 abundat

157 1739 197 1779 iu
212 1738 405 1791 Vizcaya,
423 1738 490 1779 ubi
506 1739 547 1778 iu
565 1737 735 1791 sepibus
757 1736 1013 1792 dumetisque
1031 1726 1180 1792 ubique
1198 1740 1382 1778 occurrit.
1401 1738 1661 1793 Majo,Junio
1675 1753 1707 1778 c.
1721 1738 1805 1778 flor.

808 1803 1155 1845 Rhododendron.

271 1872 364 1912 648.
426 1869 507 1911 Βῆ.
537 1869 830 1925 ferruqineum
859 1871 903 1912 1..
936 1895 984 1902 -
1017 1872 1075 1912 ΡΙ.
1109 1885 1192 1910 exs.
1227 1872 1316 1911 coll.
1350 1885 1437 1911 ven.
1471 1885 1507 1911 n.
1540 1875 1634 1912 32⁰.

275 1935 321 1978 lu
351 1937 579 1991 Pyrenaeis
609 1938 840 1993 Aragoniae
881 1938 930 1978 ad
970 1939 1037 1978 alt.
1070 1941 1365 1981 4500—5500
1403 1940 1505 1978 satis
1544 1938 1809 1984 abundanter,

158 2012 195 2043 v.
237 2017 271 2043 c.
317 2004 358 2043 iu
397 2003 528 2045 latere
572 2003 864 2060 francogallico
901 2006 989 2060 jugi
1020 2004 1169 2045 Puerto
1211 2004 1260 2044 de
1302 2005 1504 2046 Caufranc
1549 2005 1597 2045 ad
1641 2005 1809 2053 rivulos,

155 2069 262 2109 circa
293 2069 440 2111 balnea
470 2071 699 2112 Panticosa.
744 2071 869 2112 Juuio
901 2085 934 2111 c.
968 2071 1053 2111 flor.

669 2158 1300 2195 corolllrloroe.

749 2214 1213 2255 Lentibularieae.

272 2282 368 2323 ⁶⁴9.
430 2279 688 2335 Pinguicula
715 2284 973 2335 qrondislora
1004 2281 1172 2322 Lamk.
1215 2282 1323 2322 Dec.
1357 2281 1491 2323 Prodr.
1535 2281 1640 2321 Vlll.
1674 2296 1709 2334 p.
1745 2285 1809 2324 29.

161 2368 212 2376 —-
243 2346 303 2386 Pl.
335 2359 420 2388 exa.
452 2348 542 2390 coll.
575 2360 664 2388 ven.
696 2362 734 2390 n.
769 2353 832 2390 12.

272 2413 459 2454 Abundat
496 2415 537 2454 in
567 2414 714 2454 lutosis
745 2415 920 2456 humidis
952 2417 1234 2468 muscosisque
1267 2418 1460 2456 montium
1490 2416 1809 2456 cantabricorum

163 2481 383 2533 praecipue
413 2481 454 2520 lu
486 2480 730 2521 formatione
762 2483 882 2523 rubro
905 2484 1091 2523 arenaria
1123 2482 1507 2529 (Buntsandstein):
1549 2496 1673 2536 prope
1703 2483 1812 2523 Yruu

161 2545 210 2585 ad
240 2546 306 2585 alt.
341 2549 627 2596 500—1000‘‚
659 2549 782 2588 etiam
814 2550 853 2588 in
885 2549 1113 2589 declivibus
1144 2552 1346 2589 muscosis
1375 2551 1595 2589 cacuminis
1624 2551 1812 2603 granitici

163 2613 203 2652 la
233 2612 351 2665 uaya
380 2627 512 2666 usque
543 2613 593 2653 ad
623 2617 764 2661 2500‘,
793 2617 832 2654 in
864 2616 951 2654 solo
984 2617 1168 2655 calcareo
1201 2629 1324 2669 prope
1357 2616 1499 2655 Bilbao
1533 2620 1573 2655 et
1605 2617 1644 2655 in
1676 2620 1812 2654 monte

164 2678 277 2718 Pena
317 2679 535 2733 Gorveya5
573 2682 613 2719 iu
654 2681 761 2720 valle
803 2680 957 2721 Bazlan
999 2688 1040 2723 et
1070 2685 1169 2738 jugo
1200 2683 1346 2722 Puerto
1388 2682 1436 2722 ‹le
1474 2682 1616 2721 Belate
1656 2683 1695 2721 in
1738 2682 1812 2720 Na·

165 2756 310 2794 varra,·
354 2747 393 2785 iu
442 2746 668 2800 Pyrenaeis
712 2749 941 2802 Aragoniae
984 2750 1087 2789 locis
1136 2750 1300 2803 irriguis
1346 2750 1530 2803 regionis
1573 2747 1815 2799 subalpinae

161 2811 336 2858 (Puerto
365 2811 417 2853 de
447 2812 673 2863 (lanfranc,
714 2814 791 2854 Val
820 2813 869 2853 de
902 2814 1016 2864 lzas,
1061 2815 1294 2859 Panticosa)
1325 2815 1373 2855 ad
1404 2815 1474 2855 alt.
1506 2816 1813 2856 4500—5000‘.

158 2877 461 2929 apr.-Junio
491 2891 526 2920 c.
557 2879 645 2920 flor.
