1867 3215
167 207 259 236 vum
289 194 453 245 Lozoya
481 194 522 231 in
553 192 657 232 silva
686 191 809 232 Pinar
839 190 889 230 de
919 191 1100 244 Segovia
1132 190 1173 230 in
1203 191 1343 232 Sierra
1372 191 1423 230 «le
1441 191 1731 243 Guadarrama,
1761 193 1811 235 ad

165 262 319 305 rivulos
351 262 454 300 inter
485 258 621 299 Banos
652 262 692 298 et
723 256 857 312 BeJar.
890 256 1007 311 Sept.
1039 257 1122 297 Oct.
1155 271 1186 297 c.
1218 257 1302 298 flor.

851 333 1098 387 Phyceuma.

274 418 367 456 628.
428 412 507 453 ΡΙι.
540 415 774 453 orbiculare
800 412 845 453 L,
881 436 933 443 —
963 414 1023 455 ΡΙ.
1056 427 1139 456 exs.
1173 415 1264 454 coll.
1297 427 1386 453 ven.
1420 426 1457 453 n.
1491 416 1582 454 254.

274 482 320 521 In
361 480 534 521 collibus
574 480 757 521 dumosis
798 482 1044 536 graminosis
1082 483 1187 522 inter
1215 480 1399 522 Moureal
1440 484 1481 519 et
1510 479 1675 520 fluvium
1708 477 1803 519 lrati

162 553 200 590 in
232 550 413 589 Navarra
442 549 622 601 copiose,
655 548 694 587 in
728 547 834 587 valle
864 547 976 589 fluvii
1007 550 1167 604 Aragon
1198 549 1340 589 rarius.
1373 547 1497 587 Junio
1528 559 1560 586 c.
1598 545 1680 586 flor.

270 618 363 657 629.
421 612 499 657 ΡΙι.
527 616 730 665 spicatum
759 613 801 655 L.
911 611 913 613 ’

268 682 314 722 In
345 681 570 733 Pyrenaeis
601 682 830 736 Aragoniae
858 682 899 722 in
930 681 1132 722 umbrosis
1162 681 1340 722 herbidis
1370 681 1420 721 ad
1452 681 1614 721 fluvium
1645 681 1805 733 Aragon

161 762 287 805 prope
319 747 426 788 Casa
455 747 504 788 de
535 748 578 789 S.
611 749 742 789 Anton
773 761 877 789 raro.
909 747 1033 789 Junio
1064 763 1097 788 c.
1129 748 1215 788 flor.

852 826 1123 878 Campanum.

268 898 362 938 630,
424 893 466 932 C.
495 894 817 943 rapunculoides
846 892 889 933 1..
1629 943 1631 945 ¹

271 962 317 1002 ln
358 960 520 1001 saxosis
558 960 599 999 in
640 959 746 1000 valle
784 959 895 1000 fluvii
926 961 1086 1015 Aragon
1126 972 1252 1014 prope
1284 959 1452 999 Castillo
1494 960 1535 999 in
1566 959 1803 1013 Pyrenaeis.

157 1030 281 1071 Junio
313 1042 346 1071 c.
378 1026 464 1067 flor.

268 1099 363 1139 631.
421 1092 464 1135 C.
502 1096 650 1145 patula
688 1093 730 1133 1..
789 1092 938 1133 Forma
978 1092 1167 1133 umbrosa
1207 1093 1398 1148 elongata
1438 1092 1684 1134 macrantha.
1745 1093 1802 1133 Pl.

158 1177 243 1205 exs.
275 1162 366 1204 coll,
398 1174 488 1202 ven.
521 1175 559 1204 n.
591 1164 672 1202 572
702 1173 738 1200 a.

269 1228 327 1270 Ad
357 1241 482 1283 sepes
510 1227 724 1268 umbrosas
755 1240 882 1282 prope
911 1227 1023 1268 Yrun
1054 1231 1094 1268 et
1123 1226 1220 1267 alibi
1250 1228 1291 1266 in
1311 1226 1539 1267 Cantabria.
1572 1227 1697 1267 Junio
1715 1240 1747 1267 c.
1764 1227 1802 1269 fl.

270 1299 364 1338 632.
426 1295 469 1335 0.
499 1293 796 1346 persicaefolia
819 1294 864 1334 L.
895 1292 1043 1335 Forma
1074 1293 1348 1348 angustifolia.
1383 1294 1440 1335 Pl.
1474 1307 1557 1335 exs.
1591 1294 1679 1334 coll.
1712 1306 1801 1334 ven.

157 1377 194 1405 n.
227 1366 319 1406 276.

271 1429 316 1470 In
347 1429 455 1470 valle
485 1428 597 1468 fluvii
627 1430 788 1483 Aragon
828 1429 867 1468 in
907 1427 1106 1478 dumetis,
1148 1428 1367 1480 praecipue
1409 1428 1514 1466 inter
1544 1427 1617 1467 Sta
1646 1426 1802 1469 Lucilia

157 1502 199 1539 et
227 1497 343 1538 Jaca.
374 1496 499 1537 Junio
530 1508 563 1534 c.
598 1494 686 1535 flor.

268 1566 362 1605 633.
424 1561 467 1602 C.
500 1560 712 1601 Herminii
739 1560 916 1618 Hffgg.
949 1560 1028 1601 Lk.
1062 1585 1111 1593 ·-—
1145 1560 1278 1600 Boiss.
1311 1573 1401 1613 voy.
1436 1561 1514 1601 bot.
1534 1560 1630 1616 Esp.
1663 1561 1800 1612 Flore,

156 1644 194 1685 p.
226 1632 320 1672 399.
351 1633 377 1669 t.
414 1632 504 1670 120.
537 1628 582 1671 Β.

265 1697 406 1736 Sierra
436 1695 485 1735 de
517 1694 796 1736 Guadarrama
824 1694 864 1733 in
895 1694 1097 1748 glareosis
1127 1695 1339 1749 graniticis
1364 1695 1586 1735 cacuminis
1603 1694 1803 1736 Penalara

155 1763 207 1803 ad
237 1763 306 1803 alt.
337 1763 549 1804 6-7000‘
577 1775 681 1802 raro.
714 1761 826 1815 Sept.
860 1774 894 1800 c.
925 1759 964 1799 ss.
996 1760 1161 1807 (Forma
1192 1760 1355 1801 humilis
1385 1761 1587 1810 uniflora.)

266 1832 360 1871 634.
423 1828 464 1868 0.
495 1828 740 1883 Loeffiinqii
766 1827 904 1868 Brot.
935 1825 1051 1879 Phyt.
1083 1826 1180 1867 Lus.
1214 1832 1240 1866 t.
1276 1831 1408 1871 18.-
1428 1827 1563 1870 Boiss.
1594 1841 1684 1882 voy.
1713 1818 1798 1869 bot.

155 1894 254 1951 Espl
283 1911 321 1950 p.
353 1899 445 1937 401.
478 1920 531 1926 —-
560 1897 620 1938 ΡΙ.
652 1910 737 1936 exs.
770 1894 861 1934 coll.
894 1907 982 1934 ven.
1015 1894 1157 1934 select.
1189 1908 1226 1937 n.
1260 1899 1311 1936 16
1343 1896 1377 1935 b.

266 1962 312 2002 ln
342 1964 530 2004 arenosis
570 1963 745 2004 humidis
773 1974 910 2015 prope⁸
932 1961 1054 2013 Beiar
1084 1961 1135 2002 ad
1165 1963 1270 2002 viam
1303 1975 1407 2016 quae
1437 1962 1546 2003 ducit
1574 1961 1624 2002 ad
1654 1962 1800 2003 balnea

155 2029 305 2072 Banos.
337 2030 478 2072 Octob.
511 2044 544 2071 c.
577 2030 664 2070 flor.
696 2034 737 2070 et
766 2027 812 2068 fr.

270 2096 364 2137 obs.
424 2097 569 2137 Planta
600 2101 740 2137 'nostra
770 2096 895 2136 multo
925 2097 1123 2136 ramosior
1160 2101 1199 2135 et
1229 2095 1494 2137 ssoribundior
1524 2109 1641 2149 quam
1672 2097 1803 2150 speci-

157 2177 250 2204 men
282 2165 322 2203 in
357 2165 473 2203 icone
503 2165 551 2204 cl.
583 2163 853 2204 Boissieri
896 2163 996 2211 (tab.
1042 2165 1120 2203 120
1150 2163 1216 2207 Α.)
1246 2161 1477 2218 figuratum,
1509 2163 1582 2202 sed
1615 2176 1703 2202 cum
1737 2162 1802 2203 de-

156 2230 449 2285 scriptionibus
478 2230 749 2271 Boissieri
781 2234 820 2269 et
852 2228 1131 2269 Candollei
1164 2229 1479 2283 (Prodr.V11.p.
1501 2232 1619 2274 482.)
1651 2230 1802 2284 optime

157 2299 355 2352 congruit.
417 2296 685 2337 (Lerinoidea
715 2296 830 2336 CaV.
865 2297 1002 2336 Annal.
1037 2295 1086 2336 de
1116 2298 1265 2336 scienc.
1298 2301 1380 2336 nat.
1414 2295 1486 2336 111.
1518 2311 1553 2349 p.
1574 2299 1652 2343 2⁰„
1685 2308 1803 2350 quam

157 2364 205 2403 cl.
238 2363 562 2403 Boissierus
593 2364 641 2403 ad
672 2363 714 2403 0,
749 2361 993 2415 Loefllinqii
1019 2361 1156 2402 Brot.
1188 2362 1311 2412 ducit,
1342 2377 1393 2403 ex
1424 2363 1696 2416 descriptione
1726 2362 1805 2402 sal-

156 2434 235 2469 tem
276 2430 416 2483 lingua
456 2430 668 2484 hispanica
707 2429 813 2469 facta
850 2429 900 2469 ab
940 2428 1014 2469 hac
1054 2430 1193 2482 specie
1235 2429 1351 2470 valde
1390 2430 1595 2483 discrepat
1634 2433 1675 2469 et
1710 2430 1802 2469 sine

155 2495 275 2536 dubio
315 2495 365 2535 ad
397 2495 438 2535 0.
471 2494 656 2535 Durieui
688 2495 856 2535 Boias.
903 2496 963 2542 (C.
1006 2494 1237 2549 Loefflingii
1271 2495 1406 2552 Hffgg.
1440 2496 1508 2537 Lk.
1550 2508 1630 2537 non
1668 2495 1803 2544 Brot.)

154 2560 369 2603 referenda
399 2567 474 2602 est.

813 2650 1143 2693 Vaccim‘eae.

269 2731 361 2769 635.
429 2727 668 2767 Vaccinium
700 2726 915 2779 Myrtillus
944 2728 989 2768 L.

272 2795 317 2833 ln
364 2794 471 2848 tagis
502 2794 746 2849 grandaevis
786 2794 835 2834 ad
877 2795 1037 2834 radices
1076 2796 1296 2835 cacuminis
1341 2794 1481 2834 Monte
1521 2794 1570 2834 de
1608 2796 1646 2836 la
1687 2794 1804 2848 flaya

158 2871 285 2914 prope
315 2860 425 2903 Yrun
454 2866 495 2901 et
523 2861 620 2902 alibi
649 2861 689 2901 ln
708 2860 923 2901 Cantabria
954 2861 1003 2902 ad
1036 2861 1103 2902 alt.
1138 2861 1428 2904 1500-2000‘
1443 2873 1549 2904 raro.
1579 2861 1689 2916 Malo
1708 2859 1803 2903 dea.
