1867 3215
182 96 276 144 154

288 224 407 264 1029.
466 218 516 259 A.
545 218 761 268 fistulosus
788 217 832 258 1..

284 289 331 329 ln
361 287 547 327 arenosis
587 288 693 326 inter
731 284 872 325 urbem
913 284 1111 325 Valencia
1149 290 1189 326 et
1233 287 1363 328 lacum
1407 286 1600 328 Albufera
1636 290 1816 343 copiose.

174 359 274 412 Aug.
306 355 399 395 hinc
429 353 524 394 inde
553 352 681 394 adhuc
710 351 875 392 florens.

848 419 1131 463 Ancum-icum.

284 491 402 530 1030.
463 487 512 528 A.
557 486 725 536 Liliayo
755 486 798 527 L.
831 500 914 528 var.
947 491 1142 528 australe.
1216 490 1277 541 (Α.
1311 489 1593 529 intermedium
1625 503 1743 544 n.sp.
1772 491 1813 531 in

171 557 231 600 Pl.
261 569 345 596 exs.
377 556 467 598 coll.
509 568 600 595 ven.
642 568 680 595 n.
713 555 825 607 268.)
895 554 1042 595 Differt
1081 570 1105 596 a
1141 558 1281 610 specie
1322 555 1431 596 foliis
1475 557 1703 597 convolutis
1740 570 1816 598 nec

170 625 305 680 planis
336 623 424 663 basi
463 621 871 676 inflato—vaginatis,
910 623 1268 676 patulo-recurvis
1309 626 1386 663 imo
1418 623 1583 664 reflexis
1619 624 1707 664 solo
1747 623 1815 665 ad-

170 692 342 747 pressis,
373 689 691 740 characteribus,
726 691 872 744 quibus
903 691 952 730 ad
984 690 1034 731 A.
1067 694 1271 731 baeticum
1301 691 1470 730 Boiss.
1503 703 1595 745 voy.
1640 691 1737 746 Esp.
1777 704 1815 746 p.

170 761 262 801 619.
296 763 321 797 t.
357 761 435 799 172
466 757 637 808 accedit,
668 770 692 796 a
723 771 799 810 quo
830 759 980 813 petalis
1010 761 1196 814 angustis
1237 763 1277 799 et
1315 760 1535 812 praecipue
1573 759 1815 799 staminibus

171 827 234 866 eis
266 825 386 879 duplo
419 825 674 864 brevioribus
705 824 938 865 distinctum
970 832 1045 868 est.
1119 827 1261 868 Flores
1300 828 1462 866 omnino
1492 824 1542 865 A.
1575 824 1815 880 Liliaqinis.

170 893 305 947 Stirps
346 891 587 931 intermedia
617 893 722 931 inter
753 897 964 947 utramque
1004 895 1208 948 speciem3
1249 893 1436 934 foliorum
1478 894 1585 933 enim
1616 897 1658 932 et
1686 892 1816 934 rhizo·

168 961 290 999 matis
322 962 524 999 structura
554 958 676 1011 plane
707 959 849 1000 eadem
879 966 1001 1015 atque
1032 963 1072 1001 in
1105 964 1151 1004 A.
1182 965 1350 1001 baetico.
1425 959 1508 1000 Sed
1538 959 1700 1000 habitus
1732 972 1814 1001 ma-

169 1028 235 1082 gis
265 1026 315 1066 ad
345 1025 394 1065 A.
427 1024 678 1074 Liliaqinem
708 1040 825 1080 quam
858 1028 907 1068 ad
939 1028 987 1070 A.
1019 1031 1220 1068 baeticum
1250 1028 1417 1069 accedit.

279 1093 380 1148 Legi
432 1093 600 1147 stirpem
647 1093 1004 1136 observationibus
1049 1096 1310 1136 ulterioribus
1349 1096 1512 1150 dignam
1550 1097 1591 1135 in
1630 1095 1816 1135 arenosis

169 1164 449 1215 quercetorum
482 1159 530 1199 ad
560 1159 726 1200 fluvium
756 1162 918 1217 Aragon
959 1164 1064 1202 inter
1094 1164 1203 1203 Yesa
1244 1168 1284 1203 et
1314 1164 1500 1205 Tiermes
1540 1164 1580 1202 in
1611 1163 1817 1218 Aragonia

167 1229 380 1282 superiore
410 1226 460 1266 ad
489 1226 559 1267 alt.
592 1241 624 1267 c.
659 1231 783 1270 1200‘
813 1228 849 1271 d.
885 1231 947 1270 18.
981 1229 1127 1279 sunio.
1174 1234 1296 1285 atque
1340 1232 1380 1269 in
1413 1231 1638 1284 Pyrenaeis
1674 1231 1715 1270 in
1751 1243 1815 1271 ru·

166 1295 373 1351 pestribus
401 1293 509 1334 infra
540 1294 741 1334 Canfranc
772 1296 822 1336 ad
848 1297 917 1339 alt.
950 1311 981 1338 c.
1013 1299 1142 1339 27001
1171 1298 1208 1337 d.
1240 1301 1305 1339 24.
1336 1296 1432 1337 Jun.
1466 1311 1497 1336 c.
1527 1296 1613 1337 flor.

279 1363 372 1402 Oba.
433 1363 584 1417 Stirps,
616 1367 658 1403 ut
690 1363 862 1413 videtur,
894 1377 966 1417 per
996 1368 1121 1404 totam
1152 1365 1351 1418 Europam
1397 1363 1570 1404 mediam
1600 1364 1814 1404 australia-

168 1443 255 1470 rem
288 1429 506 1470 hincinde
537 1444 765 1470 occurrens.
834 1430 925 1470 Vidi
967 1433 1072 1471 enim
1113 1432 1168 1483 (in
1208 1431 1317 1472 herb.
1364 1432 1413 1471 cl.
1444 1429 1812 1471 Reichenbach

164 1497 240 1552 fil.)
269 1499 495 1554 specimina
525 1512 548 1538 e
579 1499 728 1547 Gallia,
758 1497 879 1537 Italia
906 1500 1117 1552 superiore
1147 1504 1188 1539 et
1218 1499 1339 1538 istria
1378 1497 1664 1553 procedentia,
1709 1511 1813 1552 quae

165 1579 255 1606 cum
286 1566 582 1621 speciminibus
613 1563 856 1606 cantabricis
898 1571 1041 1605 exacte
1081 1571 1321 1621 congruunt.
1391 1566 1578 1606 Formam
1622 1567 1811 1607 interme-

167 1633 275 1674 diam
306 1635 413 1675 inter
443 1647 527 1674 var.
560 1634 781 1674 australem
812 1637 853 1672 et
883 1633 1062 1687 plantam
1094 1635 1313 1690 genuinam
1354 1633 1434 1689 leg.
1465 1633 1514 1674 cl.
1555 1633 1812 1677 Reichen·

164 1700 289 1742 bach
317 1699 374 1741 fil.
406 1714 533 1756 prope
564 1701 680 1742 Ollon
712 1702 752 1740 in
782 1700 983 1741 Helvetia.

887 1765 1097 1809 Simethis.

279 1839 398 1880 1031.
458 1833 503 1875 S.
535 1837 686 1875 bicolor
716 1833 827 1877 Kth.
859 1834 1138 1883 (Anthericum
1171 1835 1324 1875 bicolor
1354 1833 1469 1875 Desf.
1498 1835 1574 1876 Atl.
1606 1839 1633 1875 t.
1652 1838 1808 1881 90.)—

162 1903 220 1945 Pl.
255 1917 339 1944 exs.
372 1903 463 1943 coll.
496 1915 588 1942 ven.
620 1916 659 1942 n.
689 1906 784 1944 200.

273 1970 318 2010 In
349 1971 553 2025 glareosis
583 1974 624 2009 et
652 1969 872 2024 pinguibus
917 1971 1068 2010 montis
1106 1970 1280 2009 arenarii
1312 1968 1438 2009 Loma
1481 1968 1530 2009 de
1577 1969 1806 2023 Jaizquivel

163 2051 292 2093 prope
322 2039 458 2087 Yrun,
505 2039 725 2092 praecipue
769 2038 809 2076 in
848 2042 963 2089 parte
1002 2036 1314 2091 septentrionali
1354 2050 1498 2076 versus
1535 2038 1808 2078 sanctuarium

162 2104 209 2145 N.
245 2105 288 2145 S.
320 2104 370 2145 de
402 2104 641 2157 Guadalupe
672 2105 850 2158 copiose.
911 2103 1043 2144 Etiam
1085 2117 1211 2156 prope
1255 2104 1296 2144 S.
1337 2104 1556 2144 Sebastian
1601 2108 1723 2158 atque
1765 2105 1806 2144 in

162 2177 300 2213 monte
329 2173 426 2214 Pico
457 2171 507 2212 de
537 2173 735 2213 Sarantes
765 2184 892 2225 prope
922 2169 1081 2220 Bilbao,
1113 2170 1186 2211 sed
1218 2184 1321 2212 raro.
1380 2170 1505 2212 Junio
1535 2183 1569 2210 c.
1601 2170 1686 2213 flor.

855 2237 1114 2292 Asparayus.

275 2308 395 2348 1⁰32.
456 2305 505 2346 A.
537 2304 785 2355 acutifolius
814 2304 857 2348 L.
888 2304 1016 2346 Rchb.
1057 2304 1110 2345 lc.
1130 2305 1153 2344 l.
1173 2318 1206 2345 c.
1238 2304 1264 2344 f.
1285 2308 1401 2347 1126.
1433 2328 1486 2336 —
1515 2304 1575 2346 Pl.
1608 2317 1692 2345 exs.
1713 2303 1803 2346 coll.

161 2385 250 2414 ven.
289 2387 327 2413 n.
360 2375 454 2414 481.

273 2440 319 2480 lu
351 2439 519 2494 sepibus
549 2439 809 2493 dumetisque
838 2440 946 2479 inter
976 2439 1160 2494 Segorbe
1190 2444 1230 2478 et
1259 2437 1505 2487 Murviedro,
1537 2451 1663 2493 prope
1681 2437 1806 2479 Chiva

161 2511 201 2547 et
230 2505 327 2547 alibi
359 2508 399 2546 in
429 2518 556 2560 regno
589 2506 806 2546 valentino.
870 2508 969 2562 Aug.
1003 2520 1036 2545 c.
1069 2505 1151 2545 flor.

276 2577 390 2616 1033,
451 2572 499 2612 Α.
532 2574 730 2612 horridus
761 2573 802 2611 1..
838 2573 970 2612 Boiss.
1004 2585 1094 2625 voy.
1128 2586 1166 2625 p.
1197 2576 1290 2613 620.

272 2641 317 2681 ln
350 2640 526 2681 dumetis
557 2641 597 2679 in
629 2640 734 2680 valle
766 2639 876 2679 fluvii
894 2639 1011 2679 Jerte
1041 2651 1164 2693 prope
1181 2639 1406 2679 Plasencia.
1439 2639 1523 2679 Oct.
1545 2639 1701 2692 absque
1717 2637 1803 2683 ssot.

827 2706 1134 2757 Aphyllantheo.

274 2775 391 2814 1034.
453 2772 501 2813 A.
533 2773 903 2822 Monspeliensium
934 2773 976 2813 L.

274 2838 318 2878 ln
350 2838 525 2880 dumetis
555 2841 660 2879 inter
690 2839 874 2879 Monreal
920 2844 961 2880 et
998 2839 1163 2880 fluvium
1195 2838 1293 2880 irati
1318 2840 1358 2880 in
1388 2838 1569 2881 Navarra
1610 2843 1732 2895 atque
1761 2841 1802 2881 in

165 2905 371 2959 Aragonia
399 2908 612 2962 superiore
643 2909 810 2960 passim.
843 2906 968 2948 Junio
999 2919 1033 2948 c.
1065 2905 1105 2946 fl.
