1867 3215
1626 92 1687 137 71

43 236 148 274 raro,
179 192 301 278 Majo
320 221 498 263 nondum
527 210 705 270 florens3
746 222 788 260 in
819 218 1040 275 pinguibus
1067 217 1255 260 herbosis
1282 218 1511 272 pinetorum
1541 218 1692 257 montis

39 290 153 331 Pena
191 289 241 329 de
282 289 403 330 Oroel
441 288 491 329 ad
530 288 599 328 alt.
630 290 739 328 4000
760 288 951 329 -4500‘
982 287 1023 327 in
1054 287 1261 327 consortio
1292 284 1523 325 Gentianae
1553 284 1691 325 luteae

41 355 308 398 abundanter.
340 355 466 397 Junio
497 369 531 396 c.
563 354 650 394 flor.

723 419 1017 461 Valerianella.

151 493 244 532 474.
311 488 359 530 V.
394 491 565 529 olitoria
592 488 722 529 Poll.
783 488 905 528 Gren.
939 486 1060 528 Godr.
1092 487 1118 527 l.
1152 500 1184 526 c.
1217 500 1254 539 p.
1286 488 1352 527 58.
1412 484 1539 526 Rchb.
1572 483 1628 524 Ic.
1661 482 1688 524 l.

41 556 67 597 f.
104 559 212 598 1398
239 558 304 604 (ic.
336 556 466 597 bonus
481 557 520 606 Ι).
553 579 606 586 —-
635 555 693 596 Pl.
726 568 811 595 exs.
844 554 935 597 coll.
966 567 1057 594 ven.
1090 567 1128 594 n.
1161 554 1242 595 575
1272 566 1304 592 c.

150 623 196 663 ln
237 623 357 664 cultis
395 624 603 677 murisque
641 635 769 676 prope
809 622 944 672 Yrun,
985 620 1128 661 Bilbao
1170 624 1211 660 et
1246 619 1342 660 alibi
1382 620 1422 659 in
1455 617 1686 659 Cantabria.

39 689 149 746 Majo
180 689 330 747 c.-flor.
364 694 406 730 et
435 689 483 730 fr.

151 760 244 799 475.
310 756 356 799 V.
387 759 580 797 carinam
607 756 746 799 Lois.
800 757 924 799 Gren.
956 756 1078 798 Godr.
1108 755 1131 795 l.
1169 768 1203 794 c.
1233 767 1272 807 p.
1303 755 1368 794 59.
1415 751 1542 793 Rchb.
1579 751 1632 794 lc.
1664 751 1688 791 Ι.

40 839 73 865 c.
110 823 136 867 f.
170 827 277 866 1399
308 825 375 871 (ic.
410 823 593 871 bonusl).
625 847 679 854 -—
708 824 766 865 Pl.
801 837 886 864 exs.
919 824 1008 864 coll.
1041 836 1131 863 ven.
1164 835 1202 861 n.
1236 823 1302 861 43.

154 891 254 932 Cum
284 891 558 932 antecedente
587 891 733 931 iisdem
764 891 878 931 locis.
909 890 1021 944 Majo
1051 904 1084 930 c.
1116 888 1203 930 flor.
1236 891 1277 928 et
1308 886 1354 926 fr.

150 961 243 1000 476.
310 957 359 1002 V.
390 959 593 999 Auricula
623 958 746 998 Dec.
791 958 914 1000 Gren.
947 956 1068 997 Godr.
1101 957 1125 997 1.
1161 969 1195 995 c.

145 1025 191 1065 ln
222 1026 437 1080 segetibus
468 1038 594 1079 prope
624 1038 773 1080 pagum
807 1025 932 1065 Olave
961 1025 1002 1063 in
1031 1024 1226 1064 Navarra.
1259 1022 1384 1063 Junio
1403 1013 1549 1062 c.‘flor.
1571 1025 1612 1061 et
1643 1020 1688 1061 sr.

151 1095 243 1134 477.
308 1091 358 1135 V.
389 1091 612 1132 Morisom‘i
642 1092 768 1131 Dec.
804 1091 928 1131 Gren.
961 1090 1082 1131 Godr.
1115 1091 1141 1130 Ι.
1174 1105 1206 1130 c.
1241 1104 1279 1144 p.
1311 1094 1377 1131 63.
1418 1113 1470 1119 ——-
1501 1087 1569 1143 ῙΡΙ.
1603 1103 1688 1129 exs.

39 1159 130 1198 coll.
165 1172 258 1199 ven.
290 1172 330 1199 n.
362 1162 457 1200 234.

150 1225 248 1267 Cum
279 1226 554 1280 praecedente
585 1227 727 1268 eodem
759 1227 849 1266 loco
880 1226 954 1267 sed
985 1226 1206 1279 copiosius.
1239 1224 1364 1265 Junio
1395 1238 1430 1264 c.
1460 1222 1546 1264 flor.
1581 1226 1622 1263 et
1643 1221 1690 1262 fr.

698 1294 1014 1344 Dipsaceae.

747 1360 973 1411 Dipsacus.

149 1430 243 1471 478.
302 1428 356 1468 D.
388 1430 604 1480 sylvestris
634 1428 763 1469 Mill.
800 1429 923 1468 Gren.
956 1426 1078 1467 Godr.
1109 1426 1169 1467 Fl.
1203 1427 1269 1466 Fr.
1302 1426 1352 1468 ΙΙ.
1384 1439 1420 1480 p.
1453 1428 1519 1467 67.

149 1495 208 1535 Ad
237 1494 387 1545 fossas,
419 1509 558 1548 sepes,
588 1509 741 1546 muros,
773 1496 813 1534 in
845 1496 1024 1549 pascuis,
1056 1494 1258 1535 ruderatis
1289 1493 1533 1534 cantabriae
1564 1496 1623 1541 (v.
1656 1505 1690 1533 c.

8 1564 165 1616 'prope
193 1563 304 1602 Yrun
333 1563 374 1603 in
405 1561 530 1603 fossis
561 1563 721 1603 castelli
751 1562 891 1612 deleti,
922 1561 1033 1617 Majo
1064 1561 1241 1602 nondum
1272 1561 1453 1612 florens),
1483 1560 1692 1600 Navarrae

37 1630 162 1676 (circa
191 1629 460 1683 Pamplona)‚
490 1631 723 1685 Aragoniae
753 1630 919 1676 (Puerto
952 1629 1002 1669 de
1034 1629 1253 1679 Carinena,
1284 1630 1368 1670 cira
1398 1628 1572 1676 Daroca,
1602 1628 1694 1668 Ala-

35 1694 129 1752 gon,
160 1696 273 1738 Julio
303 1711 337 1737 c.
369 1697 503 1747 flou),
549 1698 590 1737 in
622 1697 804 1737 Castella
834 1709 940 1736 nova
967 1698 1092 1744 (inter
1125 1695 1285 1737 Ghozas
1312 1699 1353 1737 et
1382 1695 1599 1736 Golmenar
1629 1708 1695 1735 co-

34 1765 168 1817 piose,
199 1765 314 1819 Sept.
347 1765 534 1815 exsiccq)
565 1763 861 1805 Extremadura
890 1766 968 1803 etc.
999 1765 1171 1818 passim.

732 1830 993 1881 Cephalaria.

150 1901 244 1941 479.
304 1892 347 1942 C.
378 1901 600 1939 leucantha
632 1897 834 1939 Schrad.
895 1897 1090 1949 (Succisa
1129 1897 1346 1939 leucantba
1374 1897 1502 1941 Rchb
1543 1898 1597 1939 Ic
1631 1897 1692 1939 ΕΙ.

36 1977 166 2021 germ.
197 1963 286 2007 Xll
319 1965 346 2005 f.
380 1969 524 2015 1388.)
554 1967 614 2009 ΡΙ.
645 1980 731 2006 exs.
764 1966 854 2006 coll
888 1978 978 2006 ven
1012 1979 1051 2007 n.
1083 1968 1160 2006 431
1195 1968 1236 2005 et
1267 1968 1361 2007 519.

147 2031 194 2072 In
226 2033 348 2073 cultis
378 2037 419 2074 et
448 2034 670 2089 pinguibus
699 2033 924 2086 Hispaniae
965 2037 1104 2073 austro
1126 2032 1362 2073 orientalis:
1403 2032 1453 2073 ad
1484 2034 1694 2074 vinearum

35 2100 245 2154 margines
275 2112 404 2155 prope
435 2100 542 2141 Vera
570 2102 612 2140 in
643 2101 849 2155 Aragonia
879 2098 1074 2141 inferiore
1106 2101 1304 2153 copiose3
1335 2101 1376 2139 in
1405 2102 1539 2140 vineis
1568 2114 1696 2155 prope

37 2164 164 2206 Ghiva
194 2171 235 2207 et
264 2167 362 2206 alibi
393 2168 433 2207 in
464 2180 592 2222 regno
623 2168 857 2215 valentin03
902 2168 1035 2208 rarius
1066 2168 1174 2207 circa
1203 2167 1405 2221 Requena
1435 2173 1476 2209 et
1506 2169 1695 2225 Arganda
1768 2195 1775 2200 ὴ

37 2230 103 2273 del
132 2233 226 2287 Rey
255 2234 297 2274 in
331 2233 511 2275 Castella
540 2247 660 2275 nova.
693 2235 820 2284 Julio,
853 2234 953 2289 Aug.
987 2247 1020 2274 c.
1052 2233 1139 2273 flor.
1175 2238 1215 2274 et
1245 2232 1351 2275 fruct

765 2300 972 2340 Knaucia.

148 2370 242 2410 480.
304 2369 356 2410 K.
387 2371 580 2409 aroensis
609 2368 775 2409 Goult.
806 2390 860 2397 -—
890 2367 950 2407 Pl.
984 2379 1069 2407 exs.
1103 2368 1198 2408 coll.
1230 2381 1321 2411 ven.
1354 2382 1392 2409 n.
1422 2372 1516 2411 375.

144 2434 192 2475 In
224 2435 373 2487 aridis,
413 2436 642 2490 glareosis,
683 2435 850 2489 pascuis
881 2434 1005 2473 siccis
1035 2434 1265 2486 Navarrae,
1306 2436 1537 2491 Aragoniae
1571 2435 1625 2488 (v.
1658 2449 1693 2476 c.

37 2501 146 2542 circa
186 2501 330 2555 Jaca),
373 2503 580 2544 Castellae
619 2515 750 2542 novae
787 2500 935 2552 (forma
976 2501 1130 2554 pumila
1167 2502 1420 2557 bipollicaris
1451 2504 1491 2543 in
1523 2503 1695 2556 planitie

39 2568 123 2608 alta
152 2569 258 2609 inter
287 2569 442 2610 Molina
471 2570 522 2610 de
552 2571 714 2625 Aragon
745 2572 787 2609 et
812 2567 966 2608 Setiles
996 2569 1079 2609 sita
1109 2571 1298 2623 occurrit)
1327 2572 1526 2626 regnique
1557 2570 1695 2611 valen-

38 2635 126 2675 tini.
159 2635 291 2688 Julio,
323 2638 426 2693 Aug.
459 2651 491 2678 c.
523 2636 611 2678 flor.

760 2700 976 2744 Scabiosa.

152 2771 247 2812 481.
310 2750 378 2810 Sc.
409 2773 571 2811 stellata
598 2769 642 2810 L.
676 2768 798 2810 Gren.
832 2767 953 2809 θοᾶν.
986 2768 1012 2809 Ι.
1045 2783 1079 2810 ο.
1111 2783 1150 2823 p.
1181 2775 1247 2814 76.

149 2835 196 2876 In
216 2837 415 2888 *arenosis
444 2849 571 2891 prope
602 2836 765 2879 Cuenca
796 2838 837 2877 in
869 2837 1049 2879 Castella
1080 2851 1185 2880 nova
1221 2852 1325 2879 raro.
1387 2840 1489 2893 Aug.
1522 2852 1555 2879 c.
1589 2839 1636 2879 fr.
