1867 3215
133 52 229 99 lao

237 179 333 219 850.
395 173 445 213 Τ.
476 173 748 224 pyrenaicum
776 170 821 212 L.
854 170 997 213 Bentb.
1028 170 1054 211 l.
1087 183 1119 212 c.
1151 185 1189 226 p.
1220 174 1313 214 590.
1358 192 1411 200 -
1456 168 1514 210 ΡΙ.
1559 180 1646 210 exs.
1677 168 1768 210 coll.

127 258 218 286 ven.
250 256 289 284 n.
322 243 414 282 128.

234 310 281 349 In
313 306 569 363 rupestribus
598 306 795 347 calcareis
825 317 953 358 prope
983 304 1126 345 Bilbao
1160 317 1196 344 v.
1227 318 1261 345 c.
1307 305 1346 343 in
1387 302 1492 343 colle
1530 302 1770 342 monasterii

127 378 424 430 Capucinorum
454 373 722 420 abundanter,
751 374 793 412 in
822 371 974 412 ditione
1003 372 1066 412 las
1082 372 1396 413 Encastationes
1426 381 1551 423 prope
1567 358 1774 422 Sopuert'a

126 449 167 484 et
199 443 317 490 alibi3
351 442 391 480 in
422 440 628 480 montibus
657 439 754 479 Pico
783 438 833 478 de
863 438 1061 478 Sarantes
1091 443 1132 478 et
1162 439 1273 479 Pena
1304 437 1515 490 Gorveya;
1555 436 1595 475 in
1626 435 1773 476 monti-

127 512 204 551 bus
233 521 360 563 prope
392 507 516 547 Olave
547 508 588 546 in
617 507 811 553 Navarra,
842 506 882 544 in
913 504 1022 545 valle
1050 504 1162 546 fluvii
1193 506 1369 560 magon,
1398 505 1439 544 in
1463 503 1677 557 Pyrenaeis
1705 515 1772 543 us-

124 590 202 631 que
231 574 282 616 ad
313 574 453 616 3500‘.
484 572 612 628 MaJ‘o,
644 572 770 613 Junio
802 584 834 610 c.
868 570 955 611 flor.

231 645 327 684 851.
388 639 438 682 Τ.
468 637 637 679 Polium
665 638 709 679 L.
741 637 888 678 Benth.
920 638 945 678 l.
978 651 1011 677 c.
1043 651 1080 691 p.
1113 641 1206 680 591.

233 708 280 748 ln
310 706 568 760 rupestribus
598 706 749 745 montis
779 705 921 745 Sancti
954 704 1130 745 Joannis
1161 718 1287 759 prope
1331 704 1436 746 Jaca
1472 702 1620 752 (forma
1657 701 1769 743 foliis

123 776 336 830 subplauis
353 786 476 827 supra
495 771 865 828 glabr-ementibus,
897 771 1089 825 capitulis
1108 770 1472 824 hemispbaericis);
1503 771 1587 812 Jul.
1605 784 1638 811 c.
1658 769 1767 820 flor.;

123 845 166 883 in
199 844 340 883 Sierra
368 840 417 880 de
448 839 729 880 Guadarrama
771 838 822 878 ad
866 837 1025 878 radices
1065 839 1289 878 cacuminis
1336 838 1560 888 Penalara,
1605 836 1654 877 ad
1697 837 1767 876 alt.

120 911 262 951 6000’.
294 908 408 962 Sept.
442 920 475 946 c.
507 906 593 946 flor.
625 905 773 955 (forma
803 904 1055 946 condensata
1086 905 1263 954 humilis,
1295 904 1406 945 toliis
1445 905 1622 949 cinereis
1650 902 1768 945 valde

118 976 331 1025 revolutis,
362 972 552 1027 capitulis
583 973 772 1028 oblongis
802 973 1053 1025 compactis.)

863 1039 1016 1090 AJuqa.

230 1112 326 1152 852.
389 1107 441 1150 A.
458 1112 628 1158 reptans
644 1107 688 1148 1..
707 1105 851 1147 Benth.
873 1106 895 1145 l.
916 1120 948 1146 c.
972 1119 1009 1159 p.
1029 1108 1121 1147 595.
1155 1129 1204 1136 -
1245 1105 1304 1146 Pl.
1324 1119 1409 1146 exs.
1428 1105 1518 1146 coll.
1538 1117 1628 1146 ven.
1645 1117 1684 1145 ιι.
1702 1107 1766 1147 14.

229 1176 277 1217 In
308 1177 453 1229 pratis,
483 1176 662 1229 pascuis,
693 1174 956 1228 graminosis,
988 1171 1040 1212 ad
1069 1185 1191 1226 sepes
1232 1185 1357 1226 prope
1386 1173 1520 1221 Yrun,
1566 1172 1768 1225 Oyarzun,

120 1244 290 1290 Tolosa,
321 1243 466 1282 Bilbao
495 1241 641 1293 (forma
686 1241 879 1282 umbrosa
919 1238 1150 1292 elongata),
1197 1241 1237 1279 in
1283 1239 1490 1287 montibus
1526 1239 1771 1279 cantabricis

119 1311 267 1359 (forma
297 1310 475 1358 humilis,
506 1321 622 1364 saepe
652 1307 888 1362 pollicaris),
921 1307 962 1345 in
991 1305 1195 1355 Navarra3
1234 1307 1275 1346 in
1316 1307 1443 1360 pratis
1472 1305 1699 1359 subalpinis
1728 1306 1769 1344 in

120 1378 228 1418 valle
257 1376 353 1417 Izas
383 1380 425 1417 et
453 1376 551 1416 alibi
583 1376 624 1415 in
653 1376 867 1429 Pyrenaeis
897 1374 1113 1427 Aragoniae
1144 1372 1194 1413 ad
1238 1373 1306 1413 alt.
1339 1373 1575 1414 4—50001.
1607 1373 1766 1426 Aput.—

118 1444 216 1485 Jun.
249 1457 282 1484 c.
318 1443 405 1484 flor.

229 1513 323 1553 853.
382 1507 434 1550 A.
467 1508 788 1559 chamaepithys
817 1505 1028 1548 Schreb.
1058 1504 1204 1546 Benth.
1237 1506 1263 1545 l.
1295 1520 1328 1546 c.
1359 1520 1399 1561 p.
1428 1510 1521 1548 601.

237 1577 285 1618 In
315 1577 519 1632 glareosis
549 1576 591 1616 in
619 1575 727 1616 valle
755 1574 867 1615 fluvii
884 1569 1046 1628 Aragon
1076 1586 1202 1627 prope
1218 1572 1322 1614 Jaca
1350 1587 1453 1614 raro.
1485 1573 1611 1614 Junio
1628 1586 1661 1614 c.
1680 1572 1767 1614 flor.

704 1640 1183 1682 Globulariaceae.

813 1708 1070 1748 Globularia.

225 1779 321 1820 854.
382 1776 447 1817 Gl.
479 1776 651 1826 spinosa
676 1774 791 1816 Lam
804 1773 842 1814 k.
875 1789 914 1813 α.
946 1776 1083 1814 minor
1112 1771 1290 1813 Willk.
1323 1772 1483 1814 Globul.
1516 1787 1553 1828 p.
1586 1778 1652 1817 20,
1683 1778 1712 1815 t.
1730 1773 1761 1817 1.

118 1846 146 1887 f.
179 1851 214 1888 l.
247 1871 301 1878 —-
330 1845 389 1886 Pl.
419 1857 505 1884 exs.
537 1843 628 1883 coll.
660 1855 752 1882 ven.
785 1855 823 1882 n.
856 1844 982 1882 300a.

230 1911 276 1952 ln
307 1910 481 1951 collibus
519 1910 749 1965 margaceis
779 1907 906 1948 aridis
939 1908 980 1947 in
1011 1905 1117 1946 valle
1147 1905 1258 1946 fluvii
1289 1907 1465 1962 Amgon,
1494 1919 1623 1961 prope
1660 1906 1767 1950 tber-

116 1992 204 2020 mas
244 1979 433 2019 Tiermes
471 1981 512 2017 et
550 1977 757 2030 praecipue
798 1987 925 2028 prope
963 1973 1068 2014 Jaca
1106 1972 1156 2012 ad
1197 1973 1356 2014 radices
1387 1974 1676 2026 Pyrenaeorum
1715 1975 1768 2016 ad

115 2046 510 2088 alt.1230—2280‘
542 2045 734 2097 copiose,
777 2043 884 2081 inter
924 2039 1028 2081 Jaca
1067 2043 1109 2078 et
1150 2038 1193 2078 S.
1234 2040 1344 2080 Juan
1384 2040 1434 2080 de
1471 2040 1511 2080 la
1546 2040 1679 2091 Pena,
1722 2043 1765 2082 in

117 2116 255 2152 monte
286 2113 427 2152 Sancti
457 2111 634 2151 Joannis
665 2108 716 2149 ad
746 2107 815 2147 alt.
848 2106 994 2156 3000‘3
1041 2105 1182 2155 Junio,
1212 2105 1294 2148 Jul.
1335 2105 1422 2146 fere
1452 2105 1569 2156 defl.;
1613 2108 1655 2147 in
1692 2107 1767 2149 Ga-

118 2178 240 2218 stella
267 2191 372 2218 nova
402 2179 443 2217 in
473 2177 681 2232 argillosis
713 2176 817 2215 inter
847 2172 1074 2228 Horcajada
1114 2177 1155 2212 et
1185 2171 1419 2212 Tarranc6n
1456 2176 1578 2225 atque
1618 2172 1667 2214 ad
1706 2186 1768 2214 ra-

119 2244 232 2286 dices
261 2245 414 2285 montis
444 2245 584 2284 Sierra
613 2243 663 2283 de
687 2242 964 2282 Guadarrama
993 2239 1043 2280 ad
1073 2239 1141 2279 alt.
1174 2239 1464 2280 2500-3000‘
1493 2240 1534 2279 in
1551 2239 1690 2279 Sierra
1713 2239 1765 2280 de

118 2310 396 2352 Guadarrama
427 2323 477 2350 en
509 2311 547 2351 el
578 2310 728 2351 Puerto
758 2308 808 2349 de
836 2305 1054 2349 Reventon
1087 2304 1138 2346 ad
1176 2306 1244 2348 alt.
1275 2319 1308 2347 c.
1338 2305 1476 2346 450o‘.
1515 2306 1617 2360 Aug.
1648 2305 1763 2360 Sept.

117 2377 203 2418 fere
234 2379 382 2418 exsicc.

228 2445 321 2484 obs.
380 2443 529 2484 Forma
559 2443 800 2496 plerumque
830 2439 1111 2496 angusstfolia,
1142 2438 1254 2478 foliis
1286 2437 1486 2478 interdum
1511 2437 1762 2493 subintegris

118 2515 159 2551 et
200 2510 441 2564 pedunculis
483 2509 586 2553 baud
617 2522 706 2549 raro
739 2521 917 2562 superne
948 2507 1066 2548 nudis
1097 2519 1169 2559 per
1207 2509 1330 2545 totam
1360 2505 1599 2556 Hispaniam
1630 2504 1762 2544 orien-

115 2578 238 2618 talem
267 2582 308 2618 et
339 2576 578 2625 centralem,
609 2580 652 2615 ut
682 2575 862 2623 videtur,
908 2573 1148 2628 pervulgata
1178 2576 1219 2612 et
1247 2572 1337 2611 sine
1367 2570 1488 2611 dubio
1528 2571 1762 2624 saepissimo

116 2657 207 2684 cum
241 2644 304 2684 Gt.
336 2645 502 2692 vulqari
531 2645 788 2682 commutata.
859 2641 1079 2694 Specimen
1120 2639 1183 2679 Gt.
1214 2638 1404 2690 vulyaris
1440 2637 1662 2691 genuinum
1691 2634 1761 2677 bu·

117 2725 271 2765 cusquo
302 2725 325 2751 e
355 2711 555 2764 Hispanis
585 2708 761 2749 nondum
798 2706 892 2749 vidi.

228 2783 272 2832 fi.
291 2777 435 2823 maior.
484 2776 529 2816 ln
556 2776 768 2828 Pyrenaeis
786 2774 1014 2828 Arsgoniae
1043 2773 1083 2812 in
1112 2769 1274 2811 fissuris
1302 2770 1460 2824 rupium
1491 2768 1764 2810 calomentum

124 2843 230 2883 infra
261 2855 410 2898 pagum
441 2841 643 2883 Canfranc
672 2841 723 2882 ad
751 2841 821 2881 alt.
853 2841 979 2882 2700‘
1007 2850 1111 2879 raro.
1170 2837 1295 2878 Junio
1325 2849 1360 2878 c.
1390 2835 1478 2876 flor.
