1867 3215
1597 109 1686 154 133

151 236 198 277 ln
226 235 482 292 rupestribus
510 233 636 275 aridis
664 232 754 274 loeo
770 233 920 275 Puerto
949 232 1177 274 denatura
1204 232 1247 273 in
1269 231 1474 286 Aragonia
1502 234 1684 273 australi.

43 303 158 343 Julio
188 316 220 343 c.
252 302 338 344 flor.
371 305 413 343 et
443 300 492 342 fr.

151 371 246 410 868.
308 367 359 410 P.
391 367 631 418 serpentina
658 365 827 407 Lamlr.
886 367 946 407 Pl.
979 380 1064 408 exs.
1098 366 1188 408 coll.
1221 378 1312 406 ven.
1342 377 1382 405 n.
1409 367 1502 406 444.
1536 365 1602 414 (Ρ.
1622 379 1685 405 su·

42 435 178 476 bulata
208 447 249 487 γ.
281 436 519 489 serpentina
548 431 763 475 Barneaud
792 447 858 489 ap.
889 434 1024 489 Walp.
1067 434 1093 473 l.
1126 446 1159 476 c.
1190 432 1234 473 P.
1265 436 1479 473 recurvata
1505 432 1535 472 L
1540 432 1688 480 .-)For

39 514 106 542 ma
135 502 268 543 minor
297 499 586 557 angustifolia,
616 501 743 541 ramis
771 499 1009 541 rhizomatis
1038 500 1247 540 tortuosis.

153 569 199 609 ln
229 568 487 623 rupestribus
521 567 647 608 aridis
690 568 794 608 loeis
834 568 983 609 Puerto
1024 566 1076 607 de
1113 567 1156 606 S.
1187 564 1336 606 Martin
1376 569 1418 606 et
1447 566 1597 607 Puerto
1636 564 1688 606 de

40 634 200 676 Daroea
230 636 271 676 iu
301 635 506 690 Aragonia
536 633 730 683 australi3
775 635 817 674 in
850 634 1032 675 Castella
1061 646 1167 673 nova
1206 631 1395 672 orientali
1432 633 1473 672 in
1517 631 1688 686 rupibus

39 701 479 744 arenaoeo-scbistosis
515 700 1019 754 (Grauwackenschiefer)
1076 698 1341 745 abundanter.
1394 698 1529 754 Julio,
1589 699 1691 759 Aug.

42 781 75 810 c.
107 768 193 810 flor.
225 768 272 811 fr.
1466 809 1475 821 ‚

149 837 245 878 869.
304 834 357 878 Ρ.
389 837 534 887 alpina
560 835 605 877 L.
637 833 854 877 Barneaud
883 849 948 889 ap.
981 835 1117 891 walp.
1148 835 1174 878 l.
1204 849 1239 878 c.
1283 861 1337 870 --
1386 836 1447 877 ΡΙ.
1479 849 1566 877 exs.
1597 836 1689 877 coll.

42 914 133 944 ven.
163 915 202 943 n.
230 905 325 945 330.

149 969 196 1010 In
212 970 426 1024 Pyrenaeis
441 971 674 1027 Aragoniae,
704 970 745 1010 in
776 971 942 1025 pascuis
959 969 1188 1023 subalpinis
1220 970 1269 1010 ad
1296 969 1363 1012 alt.
1385 972 1692 1020 45oo—5500‘‚

3 1082 16 1095 ι
41 1050 78 1078 ν.
110 1050 143 1078 e.
174 1037 324 1078 Puerto
354 1037 404 1078 de
433 1036 649 1087 Canfranc,
679 1038 719 1077 in
749 1038 857 1078 valle
887 1037 979 1078 lzas
1007 1042 1084 1079 etc.
1117 1038 1242 1079 Junio
1273 1053 1307 1080 c.
1340 1038 1427 1079 flor.

152 1103 246 1145 01²8.
305 1104 454 1145 Forma
482 1104 594 1145 foliis
624 1104 815 1150 brevibus
845 1106 1050 1160 angustis,
1081 1106 1208 1159 spicis
1240 1104 1455 1155 brevibus,
1500 1105 1689 1146 omnibus

42 1169 226 1226 partibus
254 1172 492 1212 minoribus.
551 1172 739 1212 Formam
785 1173 960 1212 similem
999 1173 1100 1228 legit
1140 1172 1188 1212 cl.
1221 1172 1458 1227 Lagasca
1497 1174 1538 1212 in
1577 1186 1689 1213 mon-

38 1238 147 1279 tibus
175 1239 364 1279 Asturiae
402 1239 468 1291 (ex
498 1240 728 1294 autopsial)
765 1244 806 1281 et
847 1240 895 1280 cl.
935 1238 1308 1281 Reiohenbaoh
1346 1237 1403 1280 fil.
1445 1241 1485 1280 in
1525 1240 1687 1296 alpibus

40 1304 250 1346 Valesiae.

150 1374 244 1414 870.
303 1370 356 1412 Ρ.
386 1376 585 1413 montana
613 1373 658 1415 L.
689 1374 837 1415 Forma
868 1374 1093 1416 brevifolia.

150 1439 197 1479 In
212 1439 427 1493 Pyrenaeis
443 1440 665 1496 Aragoniae
690 1455 778 1483 eum
811 1442 1082 1497 praecedente,
1114 1441 1186 1482 sed
1217 1442 1360 1482 rarius.
1392 1442 1517 1483 Junio
1543 1455 1576 1484 e.
1599 1442 1685 1482 flor.

149 1509 244 1549 871.
305 1504 356 1548 P.
389 1509 622 1548 lanceolata
649 1509 692 1551 L.
754 1508 798 1551 ln
831 1512 960 1565 pratis
989 1509 1244 1559 Cantabriae,
1275 1522 1310 1549 ν.
1344 1522 1376 1550 c.
1409 1522 1537 1564 prope
1566 1510 1692 1551 Yruu·

41 1574 151 1630 Majo
182 1588 215 1615 o.
248 1574 287 1616 fl.

148 1643 243 1684 872.
303 1640 354 1683 P.
386 1640 585 1697 Laqopus
617 1644 659 1684 L.
722 1643 767 1684 ln
809 1645 1020 1701 argillosis
1059 1645 1166 1685 inter
1195 1642 1377 1684 Liedena
1418 1648 1460 1684 et
1497 1645 1608 1686 Yesa
1647 1645 1687 1685 in

38 1709 231 1752 Navarra.
261 1708 388 1750 Junio
419 1723 452 1752 c.
484 1710 524 1751 fl.

150 1779 245 1819 873.
305 1775 358 1817 P.
387 1777 553 1830 Cynops
582 1777 628 1819 L.

151 1843 199 1883 In
228 1845 458 1899 margaoeis
487 1858 614 1899 prope
644 1844 824 1886 Liedena
854 1847 893 1886 in
925 1845 1106 1886 Navarra
1135 1859 1241 1896 raro,
1273 1846 1398 1887 Junio
1427 1860 1460 1886 o.
1493 1846 1604 1896 flor-‚3
1649 1848 1688 1889 in

43 1912 232 1952 arenosis
271 1910 397 1952 aridis
436 1911 714 1954 sabinetorum
754 1914 861 1953 inter
898 1911 1116 1954 Pozondon
1153 1917 1194 1954 et
1236 1913 1361 1954 Gelda
1401 1914 1441 1954 in
1485 1915 1690 1970 Aragonia

39 1979 224 2028 australi,
253 1979 356 2033 Aug.
388 1992 421 2020 c.
453 1978 500 2020 fr.

478 2074 1251 2144 Monoehlamyldeae.

634 2167 1086 2211 Amarantaceae.

355 2300 360 2301 .
724 2247 993 2288 Amaramus.

145 2315 240 2355 874.
298 2311 350 2353 A.
379 2314 632 2364 retronea-us
661 2311 706 2355 L.
746 2313 906 2369 Mooqu.
945 2313 1074 2356 Tand.
1116 2315 1156 2355 in
1196 2314 1334 2357 Prodr.
1360 2314 1470 2357 xln.
1502 2318 1602 2356 sect.
1635 2314 1685 2355 ll.

40 2393 78 2434 p
110 2382 204 2422 258.

150 2447 198 2488 ln
228 2447 363 2497 cultis,
391 2446 594 2488 ruderatis
622 2449 730 2490 inter
746 2448 948 2490 Garinena
978 2453 1019 2490 et
1033 2448 1221 2491 Daroca
1209 2463 1250 2491 m
1268 2450 1472 2506 Aragonia
1501 2449 1684 2491 australi.

36 2512 120 2556 Jui.
152 2527 186 2555 c.
215 2513 256 2557 ss.

149 2584 244 2624 875.
304 2580 356 2622 A.
387 2582 699 2637 chloroscachys
727 2585 792 2625 W.
822 2584 985 2640 Mocqu.
1015 2585 1042 2627 l.
1074 2600 1108 2629 c.
1137 2598 1175 2640 p.
1204 2588 1299 2629 259.

151 2647 198 2688 In
229 2650 418 2690 arenosis
446 2649 729 2706 ruderatisque
758 2653 866 2693 inter
904 2653 1044 2694 Banos
1080 2657 1123 2694 et
1160 2653 1285 2708 Bejar
1321 2653 1362 2694 in
1392 2651 1684 2695 Extremadura

39 2716 253 2770 superiore
281 2729 385 2756 raro.
447 2717 532 2760 Oct.
565 2731 597 2758 c.
629 2717 676 2759 fr.

147 2784 242 2824 876.
298 2781 350 2823 A.
381 2784 502 2823 albus
530 2783 766 2839 L.·Mooqu.
796 2786 823 2826 l.
857 2800 891 2827 o.
922 2801 959 2840 p.
991 2789 1085 2829 264.

147 2848 333 2890 Abundat
371 2851 411 2901 in
442 2851 659 2907 argillosis
690 2853 895 2894 Castellae
933 2867 1051 2899 novae
1096 2854 1383 2910 occidentalis,
1425 2867 1461 2900 v.
1503 2867 1536 2900 c.
1574 2856 1682 2897 inter

39 2914 255 2958 Madritum
285 2920 327 2959 et
355 2916 559 2963 Toletum.
619 2920 703 2961 Oct.
738 2933 772 2962 o.
802 2920 849 2965 fr.
