1867 3215
1608 86 1673 132 95

0 263 3 264 ⁷
140 217 235 256 613.
296 211 354 254 H.
384 215 656 253 castellanum
687 212 855 254 Boiss.
889 213 1039 254 Reut.
1070 213 1219 269 Diagn.
1252 212 1305 267 pl.
1337 226 1374 253 n.
1408 210 1511 266 hisp.
1546 226 1582 264 p.
1611 215 1675 252 20.

27 307 75 316 --
111 281 169 322 Pl.
190 295 287 333 exs.
322 281 413 321 coll.
446 294 536 321 veu.
569 294 607 321 n.
641 284 734 323 551.
775 280 844 330 (Η,
874 281 1070 321 Pilosella
1101 280 1146 321 ¹1.
1180 275 1214 320 ὃ.
1250 279 1470 320 velutinum
1505 278 1676 317 stoloni·

26 348 167 389 florum
200 347 319 388 Fries
350 348 374 387 Ι.
407 351 463 396 c.)

137 416 276 456 Sierra
315 414 365 454 de
396 413 674 455 Guadarrama
714 415 754 454 in
799 417 963 468 pascuis
1000 416 1106 455 inter
1136 415 1281 455 silvam
1315 416 1434 456 Piuar
1465 417 1515 457 ‹le
1546 418 1676 472 Sego⁴

28 484 94 523 via
133 486 174 522 et
211 494 406 522 cacumen
437 481 662 531 Penalara‚
704 483 745 521 iu
780 483 881 537 jugo
914 482 1061 522 Puerto
1101 481 1151 522 de
1183 481 1397 523 Reventon
1430 487 1471 523 et
1500 484 1596 523 alibi
1628 483 1678 523 acl

28 550 96 592 alt.
138 551 385 598 5-6000‘3
421 551 461 589 in
503 550 670 603 pascuis
711 550 818 590 inter
846 548 946 589 Alba
985 549 1035 589 de
1066 548 1240 590 Tormes
1281 555 1322 590 et
1353 551 1597 590 Salamanca
1637 556 1678 591 et

27 617 124 657 alibi
155 617 195 656 in
227 620 399 671 utraque
429 616 619 657 castella.
654 617 767 670 Sept.
801 616 939 657 Octob.
972 630 1002 656 c.
1036 615 1123 657 flor.
1156 620 1197 656 et
1226 616 1275 655 fr.

140 684 233 723 Oba.
293 684 467 739 Species
496 684 602 724 bona
632 696 656 724 a
685 684 734 724 cl.
765 682 918 723 Fries
949 682 1129 725 infauste
1160 695 1249 723 cum
1281 682 1336 723 H.
1359 682 1553 723 Pieoseua
1586 698 1677 725 con-

20 752 177 807 Juncta.
238 749 298 792 ef.
341 751 546 792 Cosson
579 749 711 791 Notes
753 764 785 790 s.
826 763 892 804 qu.
934 750 988 805 pl.
1031 763 1151 791 nouv.
1194 763 1270 792 rar.
1303 753 1389 793 crit.
1421 751 1472 792 «lu
1504 752 1598 793 midi
1631 752 1680 793 de

24 817 150 874 l'Esp.
183 817 298 859 Fasc.
332 818 404 859 111.
435 820 595 866 (1851.)
622 832 658 872 p.
694 821 785 859 121.

137 889 231 928 614.
290 885 348 926 H.
381 888 583 927 Auricula
613 885 657 926 L.
688 884 808 925 Fries
838 884 979 938 Symb.
1013 898 1051 938 p.
1076 886 1140 925 14.
1174 902 1225 911 ·-·-
1256 884 1314 926 Pl.
1346 898 1429 926 exs.
1464 885 1553 927 coll.
1589 900 1678 929 ven,

28 965 66 994 n.
98 956 179 995 204
208 953 244 994 b.

138 1019 184 1060 Iu
225 1022 413 1061 arenosis
452 1021 699 1074 pascuisque
740 1020 891 1060 montis
930 1020 1068 1061 Sierra
1109 1018 1160 1060 de
1189 1018 1392 1074 Moncayo
1431 1025 1472 1061 et
1511 1019 1608 1062 alibi
1641 1023 1681 1063 io

26 1088 247 1144 Magonis,
278 1080 735 1134 Navarra,‚cantabria.
769 1087 882 1129 Julio
912 1101 944 1128 c.
977 1086 1063 1128 flor.
1097 1086 1144 1128 fr.

140 1157 234 1196 615.
298 1154 354 1195 H.
396 1157 601 1195 sericeum
632 1154 748 1210 Lap.
794 1168 875 1195 sec.
911 1154 954 1194 C.
986 1153 1036 1194 ll.
1070 1153 1281 1195 Schultz
1311 1154 1401 1209 Bip.
1434 1156 1474 1196 in
1505 1156 1581 1197 litt.
1628 1179 1679 1189 -a

29 1221 87 1265 Pl.
115 1235 202 1262 exs.
234 1222 327 1262 coll.
359 1235 450 1265 ven.
481 1236 518 1264 n.
553 1225 648 1265 367.
681 1223 886 1276 (exceptis
916 1221 1212 1276 speciminibus
1247 1224 1288 1262 in
1319 1223 1461 1263 Sierra
1489 1222 1540 1264 de
1568 1221 1682 1264 Mon·

29 1301 130 1343 cayo
163 1289 526 1336 lectis!)„1‹'orma
557 1289 798 1344 pedunculis
827 1288 1250 1346 glanduloso-pilosis.
1312 1288 1371 1330 ef.
1403 1290 1525 1333 Gren.
1558 1290 1680 1331 Godr.

31 1354 89 1395 ΕΙ.
121 1355 187 1397 Fr.
218 1355 270 1397 ΙΙ.
302 1370 338 1411 p.
372 1359 466 1400 360.

139 1421 184 1463 ln
214 1422 443 1478 Pyrenaeis
473 1425 704 1479 Aragoniae
740 1425 780 1464 in
820 1422 985 1465 fissuris
1013 1426 1172 1480 rupium
1203 1425 1476 1466 calcarearum
1508 1427 1549 1467 in
1581 1426 1687 1468 valle

31 1486 144 1530 fluvii
175 1490 354 1546 Gallega
383 1492 491 1531 inter
519 1491 659 1545 Pueyo
692 1496 733 1532 et
764 1490 913 1531 Biesca
939 1490 991 1531 ad
1020 1491 1090 1532 alt.
1122 1505 1156 1532 c.
1187 1494 1323 1534 30001.
1375 1492 1501 1534 Junio
1532 1508 1566 1536 c.
1597 1494 1683 1536 flor.

141 1561 234 1600 616.
297 1557 354 1599 H.
386 1560 613 1599 olivaceum
645 1559 799 1600 Gren.
832 1557 982 1599 Godr.
1015 1559 1040 1598 l.
1070 1572 1104 1599 c.
1136 1573 1174 1612 p.
1206 1562 1367 1601 361.-
1393 1561 1452 1603 Pl.
1473 1575 1559 1602 exs.
1591 1562 1681 1604 coll.

32 1635 123 1664 ven.
156 1637 195 1666 n.
228 1628 310 1668 367
339 1628 410 1676 (ex
427 1626 599 1679 partel).
631 1625 781 1667 Forma
812 1624 1042 1666 nudicaulis
1071 1625 1205 1676 (foliis
1234 1628 1412 1669 caulinis
1439 1631 1688 1684 saepissimo

29 1690 154 1731 nullis
185 1693 250 1733 vel
281 1707 361 1734 uno
394 1694 591 1743 lineari),
621 1691 733 1733 soliis
763 1692 1010 1734 radicalibus
1043 1693 1133 1734 basi
1165 1693 1365 1749 profunde
1395 1697 1553 1747 incisis,
1585 1697 1687 1754 ligu-

22 1755 152 1817 larum
182 1758 374 1816 dentibus
404 1774 484 1802 non
514 1761 680 1802 ciliatis.

143 1825 187 1866 ln
218 1829 424 1882 querc-etis
454 1830 497 1869 in
526 1828 655 1869 latere
682 1829 930 1884 aragonensi
967 1829 1119 1870 montis
1149 1828 1292 1871 Sierra
1319 1829 1370 1872 de
1398 1829 1602 1887 Moncayo
1632 1831 1684 1874 ad

26 1891 96 1933 slt.
128 1906 162 1933 c.
197 1898 417 1938 1-2000‘.
446 1895 560 1937 Julio
590 1909 624 1937 c.
656 1894 745 1938 flor.
774 1900 815 1936 et
844 1895 892 1936 fr.

139 1963 233 2004 617.
294 1960 352 2003 11.
384 1975 604 2003 murorum
633 1961 676 2005 L.
737 1963 856 2004 Fries
887 1963 1026 2017 Symb.
1060 1977 1096 2018 p.
1131 1966 1224 2006 108.
1266 1986 1320 1996 -
1358 1964 1417 2007 Pl.
1459 1979 1545 2006 exs.
1587 1966 1680 2008 coll·

27 2040 117 2069 ven.
149 2041 188 2070 n.
220 2032 302 2072 286
331 2030 424 2076 (sub
454 2032 618 2071 nomine
648 2030 694 2070 Η.
728 2031 847 2070 incisi
877 2029 1053 2085 Hoppe).

147 2095 192 2136 ln
224 2098 376 2151 pinetis
406 2099 557 2138 montis
586 2098 699 2139 Pena
730 2097 779 2138 de
811 2098 929 2139 Oro'e'l
962 2111 1088 2152 prope
1118 2098 1222 2139 Jaca
1252 2098 1300 2140 ad
1332 2100 1400 2140 alt.
1441 2103 1684 2157 3-4000‘,

31 2163 154 2204 etiam
170 2165 212 2204 in
230 2164 336 2205 valle
353 2163 465 2205 fluvii
485 2165 646 2221 Aragon
663 2166 702 2205 in
720 2165 948 2219 Pyrenaeis
965 2178 1096 2220 usque
1111 2164 1163 2206 ad
1173 2169 1310 2209 35oo¹.
1342 2166 1370 2209 J
1374 2169 1468 2209 unio
1485 2182 1518 2209 c.
1533 2168 1617 2210 flor.
1632 2168 1680 2210 fr.

738 2231 968 2285 Andryala.

141 2301 234 2340 618.
295 2297 347 2340 A.
378 2300 549 2338 sinuata
578 2298 621 2340 L.
655 2322 707 2330 —
737 2299 795 2340 Pl.
831 2313 917 2340 exs.
952 2299 1042 2340 coll.
1074 2313 1166 2341 ven.
1199 2313 1237 2344 n.
1263 2304 1358 2344 445.

141 2365 187 2405 ln
227 2365 358 2406 alveis
399 2367 618 2407 exsiccatis
659 2367 892 2422 Aragoniae
932 2366 1140 2407 inferioris
1179 2373 1233 2413 (v.
1275 2382 1308 2409 c.
1347 2369 1451 2408 inter
1482 2368 1606 2424 BorJa
1642 2374 1684 2410 et

32 2431 184 2482 Bera),
212 2434 252 2473 in
284 2435 539 2487 rupestribus
570 2433 732 2474 collium
764 2433 913 2474 Puerto
945 2433 994 2474 de
1025 2433 1110 2474 San
1141 2433 1292 2475 Mar-tin
1321 2439 1362 2476 et
1390 2435 1486 2475 alibi
1517 2437 1557 2475 in
1589 2437 1685 2477 Ara·

31 2500 154 2555 gonia
184 2500 378 2549 australi,
408 2501 531 2541 etiam
562 2502 602 2541 in
639 2500 820 2541 Castella
848 2513 965 2542 nova.
1006 2501 1133 2552 Julio,
1165 2504 1266 2556 Aug.
1300 2515 1333 2543 c.
1366 2502 1452 2543 flor.
1483 2506 1525 2543 et
1553 2502 1600 2544 fr.

739 2567 968 2619 Scolymus.

138 2636 232 2676 619.
294 2632 361 2674 Sc.
392 2636 637 2684 hispanicus
667 2633 709 2675 L.
745 2655 794 2663 —-
825 2635 884 2676 Pl.
918 2648 1002 2679 ess.
1034 2636 1124 2678 coll.
1157 2650 1247 2678 ven.
1281 2650 1319 2677 n.
1354 2639 1448 2678 446.

137 2700 323 2741 Abundat
353 2702 392 2740 in
425 2701 564 2750 aridis,
595 2702 822 2751 sterilibus,
854 2702 1074 2757 argillosis,
1105 2706 1217 2759 agris
1243 2703 1450 2744 derelictis
1465 2705 1684 2759 Aragoniae

31 2765 241 2807 inferioris
271 2768 329 2816 (v.
361 2781 393 2808 c.
425 2769 531 2808 inter
561 2768 764 2809 Carinena
793 2774 833 2809 et
864 2769 1038 2818 Daroca,
1069 2773 1177 2811 circa
1193 2769 1384 2824 Maynar)
1415 2774 1455 2810 et
1487 2770 1681 2811 Castellas

30 2845 172 2883 novoe3
205 2847 278 2887 per
306 2838 432 2874 totam
462 2834 704 2890 Hispaniam
735 2836 971 2886 centn-alem,
1003 2837 1406 2878 austro-orientalem
1436 2837 1699 2879 &meridie-²

29 2898 178 2941 nalem.
208 2898 320 2942 Julio
352 2913 384 2941 c.
414 2899 501 2942 flor.
