1867 3215
173 90 238 135 48

884 216 1108 271 Fraqaria.

284 285 379 324 321.
437 282 487 322 F.
520 295 642 322 vesca
673 281 716 323 L.

281 348 530 389 Incollibus
561 350 710 403 apricis
741 363 867 403 prope
883 351 1008 400 Yrun,
1041 365 1113 405 per
1143 355 1266 391 totam
1286 350 1555 392 Cantabriam.
1587 351 1697 407 majo
1714 367 1747 396 c.
1768 353 1817 397 fr.

281 418 374 457 322.
433 415 483 456 F.
515 428 664 465 magma
696 416 888 459 Thuill.
920 417 982 464 (F.
1016 418 1161 457 elatior
1191 418 1333 466 Ehrh.)

286 482 332 522 ln
364 482 540 524 collibus
571 485 820 538 graminosis
851 498 908 539 pr.
942 484 1068 525 Yrun.
1099 484 1208 540 Majo
1241 490 1282 525 et
1309 484 1505 526 Decemb.
1536 499 1569 529 c.
1599 485 1637 530 ss,

916 551 1077 591 Bubus.

279 620 376 659 323.
434 615 485 661 R.
515 619 781 670 thyrsoideus
810 619 1001 659 Wimm.
1063 620 1184 659 Gren.
1226 619 1347 662 Godr.
1388 619 1412 659 Ι.
1455 633 1487 660 c.
1528 634 1565 675 p,
1599 624 1693 664 547.
1753 622 1812 665 ΡΙ.

173 697 257 727 exa.
290 685 380 725 coll.
413 698 504 725 ven.
537 699 574 726 n.
608 689 702 727 209.

279 752 465 792 Abundat
504 754 543 792 in
583 755 751 807 sepibus
783 753 1026 793 Cantabriae
1065 758 1149 806 (pr.
1193 754 1323 803 Yrun,
1365 753 1666 796 Fuenterrabia
1704 759 1816 807 ete),

162 818 384 870 Navarrae,
415 820 659 875 tii-agoniae,
691 843 744 850 -
776 834 845 873 per
875 825 1000 860 totam
1032 821 1282 873 Hispaniam.
1315 820 1411 862 Jun.
1452 835 1483 862 c.
1520 821 1559 861 fl.

276 889 368 927 324.
433 885 487 929 R.
527 885 682 926 Idaeus
712 886 755 928 L.

279 951 322 992 In
355 953 532 994 vallibus
563 955 764 994 umbrosis
795 953 1038 994 Cantabriae
1070 956 1239 1009 passim,
1270 967 1305 996 v.
1339 969 1372 995 c.
1405 955 1455 995 ad
1486 954 1648 996 fluvium
1679 956 1819 998 indas-

162 1031 235 1059 soa
265 1020 372 1060 inter
401 1020 510 1061 Yrun
542 1025 582 1060 et
612 1021 733 1063 Vera.
765 1020 862 1063 Jun.
907 1020 998 1061 defl.

924 1086 1053 1127 Rosa.

273 1157 365 1195 325.
426 1153 477 1193 R.
509 1157 809 1205 sempervirens
840 1154 882 1194 L.
915 1155 973 1195 ΡΙ.
1007 1168 1092 1194 exs.
1132 1154 1227 1196 coli.
1259 1168 1349 1196 ven.
1382 1170 1420 1198 n.
1457 1161 1548 1200 196.

278 1220 323 1259 ln
361 1222 529 1275 sepibus
563 1222 807 1263 Cantabriae
846 1221 1060 1275 frequens:
1108 1223 1215 1262 circa
1245 1222 1370 1275 Yrun,
1402 1223 1710 1275 Fuenterrabia,
1739 1224 1818 1265 To-

166 1287 272 1338 losa,
305 1288 464 1331 Bilbao.
495 1289 590 1332 Jun.
624 1303 657 1330 o,
691 1289 727 1331 ss.

270 1359 363 1397 326.
426 1354 475 1397 R.
507 1356 736 1406 rubrifolia
768 1355 881 1395 Vin.
915 1357 973 1396 ΡΙ.
1014 1369 1106 1396 exs.
1139 1357 1229 1397 coll.
1263 1370 1353 1398 ven.
1387 1372 1424 1400 n.
1460 1362 1549 1399 131.

278 1423 321 1461 ln
353 1423 526 1462 collibus
556 1423 739 1463 dumosis
770 1436 827 1477 pr.
861 1423 1004 1463 Bilbao
1038 1437 1152 1463 raro:
1180 1425 1297 1478 juxta
1326 1429 1498 1466 monast.
1526 1425 1735 1465 Convento
1767 1423 1817 1465 de

173 1489 445 1544 Capuchinos.
479 1489 588 1545 Majo
620 1504 653 1530 c.
687 1490 724 1531 fl.

278 1559 369 1598 327.
432 1555 485 1595 R.
517 1560 670 1596 canina
701 1557 744 1597 L.
778 1558 835 1598 ΡΙ.
870 1571 955 1599 exs.
988 1558 1080 1598 coli.
1115 1570 1207 1599 ven.
1239 1571 1279 1598 n.
1307 1562 1373 1600 77.

280 1623 324 1663 ln
356 1624 526 1677 sepibus
555 1624 812 1681 dumetisque
843 1625 1090 1665 Cantabriae
1120 1625 1337 1676 (Galindo,
1381 1625 1662 1665 Somorrostro
1682 1656 1692 1675 ,
1734 1625 1816 1665 Bil-

165 1690 288 1741 ban),
329 1690 523 1732 Navarroe
567 1692 715 1738 (Olave
754 1692 804 1733 ad
834 1694 906 1735 riv.
943 1693 1090 1747 Arga),
1132 1693 1361 1748 Aragoniae
1391 1692 1631 1746 superioris.
1690 1691 1816 1747 MaJo,

166 1757 264 1798 Jun.
298 1771 331 1798 c.
365 1757 404 1798 fl.

278 1828 372 1867 328.
434 1825 486 1867 R.
519 1832 716 1868 montana
747 1826 920 1869 Chaix.

277 1892 322 1933 ln
358 1896 561 1948 quer-cetis
591 1896 732 1936 lateris
762 1895 1034 1951 aragonensis
1062 1895 1214 1935 montis
1244 1894 1384 1936 Sierra
1412 1892 1463 1934 de
1492 1892 1694 1946 Moneayo
1725 1905 1814 1947 pas-

169 1961 256 2001 sim.
290 1960 374 2002 Jul.
407 1975 438 2001 c.
471 1962 511 2001 ss.

855 2028 1114 2082 Aqrimonia.

280 2098 372 2137 329.
433 2094 483 2135 A.
514 2094 754 2146 Eupatoria
783 2097 825 2138 L.

275 2162 332 2202 Ad
363 2161 512 2213 fossas,
544 2176 681 2217 sepes,
713 2165 753 2203 in
782 2161 984 2203 ruderatis
1014 2163 1265 2216 Aragoniae:
1297 2163 1405 2203 circa
1422 2161 1540 2212 Jaoa,
1571 2173 1699 2215 prope
1715 2161 1813 2201 Bor-

165 2228 221 2280 ja,
254 2228 474 2284 Zaragoza.
508 2229 595 2270 Jul,
623 2244 655 2270 c.
688 2230 727 2271 fl.
759 2235 800 2272 et
830 2230 876 2270 fr.

872 2294 1099 2337 Patet-ium.

277 2364 370 2405 330.
430 2360 481 2403 Ρ.
513 2363 859 2416 diccyocarpum‘?
890 2361 1050 2417 Spach
1082 2374 1164 2402 rev.
1197 2374 1289 2416 gen.
1320 2362 1408 2403 Pot.
1440 2363 1479 2402 in
1499 2363 1598 2404 Ann.
1631 2362 1697 2402 Sc.
1725 2365 1809 2402 nat.

169 2430 284 2470 1846.
330 2428 444 2469 Tom.
477 2430 521 2470 V.
554 2444 591 2483 p.
625 2434 689 2472 34.
749 2431 808 2471 ΡΙ.
841 2444 925 2470 exs.
959 2429 1048 2469 coli.
1083 2442 1172 2468 ven.
1206 2442 1244 2468 n.
1282 2432 1368 2469 113.
1430 2430 1492 2477 (P.
1527 2428 1808 2483 Sanguisorba

167 2496 279 2536 Auet.
311 2508 360 2534 ex
392 2499 540 2549 parte.)

278 2561 321 2600 ln
352 2561 576 2615 glareosis,
609 2565 808 2610 arenosis,
839 2562 1094 2617 rupestribus
1126 2562 1391 2602 Cantabriae:
1423 2562 1473 2601 ad
1506 2561 1668 2602 fluvium
1700 2562 1810 2602 Ansa

171 2641 296 2681 prope
327 2627 486 2677 Bilbao,
521 2629 560 2668 in
592 2633 728 2669 monte
758 2630 853 2670 Pico
886 2630 936 2669 de
965 2631 1176 2669 Sarantes.
1235 2628 1344 2682 Majo
1385 2641 1417 2669 c.
1459 2627 1496 2667 ss.
1529 2633 1570 2668 et
1600 2627 1646 2668 fr.
1677 2629 1807 2682 perju-

167 2695 287 2734 venii.

276 2764 370 2801 331.
431 2758 483 2800 Ρ.
514 2760 719 2814 Maynolii
748 2762 925 2814 Spach.
961 2763 985 2803 Ι.
1018 2776 1049 2801 c.
1084 2776 1118 2816 p.
1152 2764 1218 2802 38.

276 2826 319 2866 1η
353 2827 555 2880 glareosis
587 2827 636 2866 ad
668 2826 830 2867 fluvium
863 2830 967 2882 Arga
999 2839 1124 2881 prope
1156 2828 1279 2867 Oiave
1310 2829 1349 2867 in
1381 2829 1581 2878 Navarra,
1620 2829 1744 2869 Junio
1775 2842 1806 2869 c.
