1867 3215
819 240 1121 296 Hypocnoem.

262 326 355 365 592.
417 323 473 364 H.
508 325 700 363 radicata
730 321 775 362 11.
807 346 861 354 —-
890 321 950 362 Pl.
984 335 1068 362 exs.
1102 322 1193 362 coll.
1228 335 1317 363 ven.
1350 334 1388 362 n.
1418 326 1487 365 74.

262 389 309 430 lu
341 390 613 444 graminosus,
655 390 870 440 arenosis,
911 390 960 431 ad
991 392 1079 430 vias
1111 389 1275 430 collium
1307 403 1434 444 prope
1464 387 1608 429 Bilbao
1639 389 1681 428 et
1709 384 1806 427 alibi

151 459 191 497 in
209 456 440 507 Cantabria,
468 457 663 505 Navarra,
696 458 920 513 Aragonia3
952 457 1086 512 Majo,
1116 457 1198 498 Jun
1245 470 1280 498 c.
1314 457 1423 507 θοι-,ς
1455 458 1522 497 ino
1538 453 1726 496 arenosis
1754 451 1804 492 ad

150 525 256 563 viam
287 525 442 577 regiam
473 524 764 565 madritensem
796 539 923 580 prope
953 526 1210 566 Salamsnca.
1242 525 1381 565 octob.
1414 538 1446 564 c.
1477 522 1516 564 fl.
1549 526 1589 562 et
1618 521 1666 562 fr.
1699 525 1802 567 (var.

150 601 188 629 α.
220 594 399 649 rostrata
427 591 568 632 Moris.
602 591 726 634 Gren.
760 592 882 633 Godr.
912 593 938 632 l.
974 607 1007 632 c.
1041 607 1077 645 p.
1109 595 1222 639 293.)

864 681 1077 722 Thrincia.

263 750 357 789 593.
421 746 501 788 Tr».
533 750 697 800 hispida
728 748 878 791 Roth.
911 750 1035 791 Gren.
1069 749 1191 792 Godr.
1223 749 1248 790 l.
1281 764 1313 790 c.
1347 763 1384 802 p.
1416 752 1508 790 296.

259 814 304 855 ln
336 816 523 856 arenosis
554 816 757 870 cultisque
787 830 912 872 prope
946 817 1107 858 Daroca
1138 821 1180 857 et
1210 817 1308 857 alibi
1338 816 1379 855 in
1413 815 1630 869 Magonis,
1662 813 1746 855 Jul.
1765 827 1800 853 c.

150 880 236 922 flor.
272 886 311 921 et
342 881 388 922 fr.
422 882 604 922 Occurrit
634 896 706 937 per
734 888 859 925 totam
890 885 1143 937 Hispaniam.

855 972 1110 1015 Leontodon.

257 1053 351 1092 594.
412 1049 460 1094 L.
491 1053 747 1103 pyrenaicus
776 1053 967 1094 Gouan.
1003 1054 1125 1094 Gren.
1161 1051 1282 1093 Godr.
1315 1053 1339 1093 l.
1373 1067 1405 1092 c.
1440 1066 1476 1106 p.
1512 1054 1604 1095 298.

260 1116 306 1156 ln
338 1117 564 1171 Pyrenaeis
594 1119 824 1174 Aragouiae
865 1121 904 1160 in
947 1121 1111 1175 pascuis
1152 1120 1336 1176 regionis
1373 1119 1615 1173 subalpinae
1651 1117 1701 1158 ad
1731 1119 1800 1159 ali.

149 1185 456 1235 4506—5000‘,
490 1198 524 1227 v.
556 1198 589 1225 c.
622 1186 713 1226 loco
745 1186 893 1228 Puerto
925 1188 974 1227 (le
1007 1186 1218 1230 Canfranc.
1250 1187 1376 1228 Junio
1408 1200 1440 1226 c.
1473 1185 1558 1226 flor.

839 1277 1119 1318 Scorzonera.

257 1345 349 1383 595.
412 1341 481 1381 Sc.
514 1344 685 1383 humilis
712 1343 757 1385 L.
790 1369 843 1376 —-
874 1346 933 1386 Pl.
968 1360 1052 1386 exs.
1086 1346 1175 1384 coll.
1209 1359 1299 1384 ven.
1331 1358 1369 1385 n.
1403 1347 1497 1386 204.

258 1408 303 1448 In
332 1407 494 1448 fissuris
525 1411 682 1462 rupium
714 1416 837 1466 atque
869 1415 910 1453 in
941 1415 1188 1469 graminosis
1220 1413 1371 1452 montis
1405 1412 1580 1452 arenarii
1599 1411 1723 1451 Loma
1752 1410 1821 1451 de-

143 1476 377 1529 Jaizquivel
406 1489 532 1529 prope
562 1478 671 1518 Yrun
703 1491 808 1520 raro.
842 1480 968 1521 Junio
998 1495 1031 1522 c.
1063 1480 1148 1520 flor.

257 1547 348 1585 596,
410 1541 477 1584 Sc.
507 1546 740 1593 crispaeula
770 1545 939 1586 Boiss.
983 1560 1074 1599 voy.
1117 1547 1196 1586 bot.
1231 1546 1328 1600 Esp,
1370 1547 1501 1599 suppl.
1549 1560 1583 1600 p.
1619 1549 1712 1588 7⁴1.
1750 1569 1798 1577 --

144 1611 200 1651 Pl.
235 1624 320 1652 exs,
353 1611 442 1650 coll.
477 1624 568 1650 ven.
602 1626 639 1650 n.
673 1616 766 1654 262.

253 1677 298 1716 In
341 1677 513 1717 collibus
554 1679 751 1720 calcareis
792 1683 1040 1737 graminosis
1081 1683 1186 1721 inter
1229 1694 1376 1736 pagum
1409 1682 1518 1720 Yesa
1560 1684 1600 1721 et
1631 1680 1797 1721 fluvium

144 1746 305 1799 Aragon
338 1745 377 1784 in
407 1744 586 1785 Navarra
615 1748 785 1789 australi
815 1750 982 1802 copiose
1011 1747 1156 1795 (forma
1176 1747 1375 1796 humilis),
1409 1749 1448 1786 in
1481 1748 1662 1788 dumosis
1690 1749 1796 1787 inter

142 1811 245 1852 Jaca
288 1815 329 1851 et
360 1811 401 1851 S.
435 1811 542 1852 Juan
583 1812 633 1852 de
671 1815 709 1854 la
741 1816 853 1856 Pena
891 1818 930 1855 in
966 1818 1169 1870 Aragonia
1209 1817 1422 1868 superiore
1463 1815 1610 1861 (forma
1646 1817 1796 1869 major)

142 1891 246 1918 raro.
279 1879 420 1927 Junio,
451 1879 564 1919 Julio
596 1895 628 1920 c.
663 1881 747 1922 flor.
781 1886 821 1921 et
852 1882 898 1923 fr.

145 1937 153 1939 ᾇ
257 1946 349 1986 0⁶³.
410 1945 479 1986 Sc.
511 1950 747 1997 crispacula
776 1950 817 1988 in
850 1949 1048 2001 Hispania
1080 1949 1204 1988 multo
1237 1951 1371 2004 magis
1402 1948 1608 1989 abundare
1638 1948 1796 1990 videtur

146 2025 264 2065 quam
297 2011 363 2051 Sc.
395 2014 627 2064 hispanica,
667 2029 784 2068 quam
826 2015 1012 2066 equidem
1055 2029 1252 2068 nusquam
1286 2017 1512 2056 observavi.
1573 2017 1794 2067 Specirnen

145 2092 272 2133 prope
303 2080 406 2120 Jacs
434 2081 474 2119 in
507 2085 712 2122 consortio
746 2082 812 2124 Sc.
831 2085 1087 2131 crispatulae
1118 2083 1264 2123 lectum
1298 2096 1432 2123 veram
1452 2082 1520 2125 Sc.
1538 2084 1797 2134 hispanicam

142 2159 238 2186 esse
269 2147 318 2186 cl.
352 2146 570 2186 Schultz
601 2148 707 2200 Rip„
739 2151 803 2190 cui
835 2152 1003 2189 missum
1037 2149 1124 2198 fuit,
1157 2151 1335 2202 scripsit.

257 2217 349 2255 597.
412 2212 479 2252 Sc.
520 2216 718 2263 pinifolia
763 2218 958 2257 Gouan.
1001 2229 1083 2255 sec.
1128 2216 1170 2255 C.
1215 2218 1260 2255 11.
1302 2217 1468 2257 Schultz
1508 2217 1596 2270 Bip.
1640 2241 1690 2249 -
1735 2217 1792 2257 Pl.

139 2293 227 2321 exs.
258 2280 347 2320 coll.
381 2294 470 2321 ven.
503 2295 540 2319 n.
573 2285 666 2323 377.

255 2346 299 2386 ln
330 2348 529 2387 calcareis
568 2350 817 2401 graminosis
847 2350 1055 2390 Navarrae
1086 2351 1340 2390 australioris
1371 2356 1411 2391 et
1442 2353 1671 2407 Aragoniae
1702 2366 1790 2393 cum

142 2413 428 2466 praecedente,
460 2416 500 2454 in
533 2416 667 2455 vineis
697 2430 823 2470 prope
854 2417 1057 2456 Carinena
1086 2416 1259 2467 Daroca,
1294 2417 1456 2459 Teruel.
1488 2419 1793 2474 Junio—Aug-

139 2492 172 2518 c.
205 2479 290 2521 flor.

253 2546 345 2586 Oba.
407 2548 580 2601 Species
611 2561 682 2602 per
715 2548 954 2601 Hispaniam
987 2551 1206 2604 praecipue
1238 2551 1520 2592 australiorem
1553 2554 1671 2594 valde
1702 2569 1789 2608 per-

145 2613 311 2668 vulgata
341 2615 469 2654 variat
500 2615 617 2655 caule
650 2615 789 2655 humili
821 2618 1133 2671 4—5-pollicari
1166 2622 1204 2656 et
1234 2618 1424 2671 elongato
1455 2621 1744 2673 sesquipedali.

817 2704 1105 2760 Traqopoqon.

248 2772 340 2811 598.
403 2769 474 2809 Tr.
505 2773 714 2818 procerastis
744 2770 823 2810 n?

249 2834 294 2874 ln
335 2838 522 2876 arenosis
563 2836 611 2877 ad
653 2839 758 2877 viam
790 2840 944 2894 regiam
979 2842 1082 2880 inter
1114 2839 1275 2880 Cuenca
1306 2846 1346 2880 el
1376 2841 1610 2883 Tarraucon
1642 2844 1681 2883 in
1713 2843 1786 2885 Ca-

135 2900 258 2940 stella
286 2914 413 2952 nova,
447 2905 548 2959 Aug.
580 2904 800 2958 Specimen
832 2908 992 2949 unicum
1023 2910 1276 2963 perJuvenile
1307 2909 1401 2962 legi.
