1867 3215
1603 56 1695 106 rm

169 193 213 233 ln
246 192 471 248 Pyrenaeis
501 191 731 246 Aragoniac
757 191 861 234 locis
890 190 1054 247 irriguis
1084 201 1211 245 prope
1239 188 1387 230 balnea
1401 188 1620 230 Panticosa
1648 187 1699 229 ad

54 259 123 300 alt.
155 263 294 302 5000‘.
354 260 479 301 Junio
509 272 543 299 c.
574 257 621 300 fr.

167 330 285 370 1052.
344 326 388 366 0.
408 324 844 378 lepidocarpaTscb.
874 323 1004 366 Rchb.
1045 323 1097 365 Ic.
1115 324 1142 364 l.
1161 322 1238 367 c.f.
1271 325 1352 366 653
1377 323 1444 371 (ic.
1467 320 1696 377 optimusl).

53 416 108 424 -—
136 393 196 435 ΡΙ.
228 408 313 434 exs.
347 393 437 434 coll.
468 406 559 433 ven.
588 405 626 435 n.
660 395 750 435 117.

163 461 210 502 In
242 463 430 503 arenosis
460 460 634 502 humidis
664 459 715 501 ad
744 461 874 515 ripam
912 459 1026 501 fluvii
1065 459 1177 500 Ansa
1215 456 1322 499 infra
1358 456 1499 499 urbem
1537 455 1697 498 Bilbao.

55 528 164 584 Majo
195 544 227 570 c.
259 528 308 570 fr.

165 599 284 638 1053.
348 595 391 635 0.
422 597 611 650 vulqaris
638 593 712 637 Fr.

164 661 209 703 ln
240 663 467 717 Pyrenaeis
496 665 671 718 Aragon.
711 664 752 702 in
793 662 1013 715 uliginosis
1054 672 1295 715 pascuorum
1331 660 1422 716 Jugi
1461 660 1610 701 Puerto
1648 658 1699 701 de

55 729 256 770 Canfranc
287 730 336 770 ad
365 731 435 770 alt.
465 733 592 771 4500‘
622 731 790 784 passim.
849 729 976 771 Junio
1007 743 1041 770 c.
1081 728 1168 769 flor.

166 801 286 840 1054.
349 797 391 838 C.
424 800 577 853 qlauca
604 796 646 840 L.
678 797 832 841 Rchb.
873 796 927 837 Ic.
959 796 983 836 l.
1018 809 1050 837 c.
1083 795 1110 836 f.
1144 797 1237 837 648.
1283 821 1337 828 -
1381 794 1441 837 Pl.
1488 807 1574 836 exs.
1607 794 1699 836 coll.

51 876 143 905 ven.
176 878 213 905 n.
246 868 312 906 32.
948 858 957 866 ²

159 931 206 972 In
237 933 485 988 graminosis
514 932 781 982 Cantabriae,
813 932 1044 981 Navarrae‚
1075 931 1307 985 Aragoniae
1351 930 1577 984 superioris
1621 927 1702 969 fre-

52 1012 196 1052 quens,
229 1013 263 1041 ν.
298 1014 330 1042 c.
362 1013 488 1055 prope
518 1001 642 1046 Yrun,
675 999 834 1048 Bilbao,
867 999 1034 1048 Otanes,
1064 998 1178 1039 Pena
1210 998 1412 1050 Gorveya,
1429 997 1506 1038 val
1535 995 1586 1037 de
1601 996 1702 1037 Baz-

50 1069 133 1116 tan,
166 1067 277 1106 Pena
307 1066 356 1106 de
388 1067 522 1116 Oroel,
553 1067 594 1107 S.
627 1065 735 1108 Juan
767 1065 818 1106 de
848 1066 889 1105 la
919 1066 1042 1106 Pena.
1101 1064 1352 1119 Majo—Jul.
1386 1078 1419 1104 c.
1452 1062 1500 1104 fr.

164 1137 282 1176 1055.
342 1134 385 1174 0.
414 1146 602 1184 praecoce
631 1133 672 1174 L.
704 1132 833 1173 Rchb.
876 1131 931 1172 Ic.
965 1133 991 1172 l.
1023 1146 1057 1172 c.
1089 1131 1115 1172 f.
1146 1135 1243 1174 634.
1288 1155 1341 1163 —-
1379 1131 1440 1172 Pl.
1485 1144 1572 1173 exs.
1610 1129 1701 1172 coll.

50 1212 142 1242 ven.
173 1214 210 1242 n.
242 1203 306 1241 31.

161 1266 208 1307 ln
239 1267 412 1308 collibus
442 1269 689 1323 graminosis
719 1268 870 1322 apricis
901 1266 1160 1316 Cantabriae,
1192 1279 1227 1305 v.
1260 1279 1292 1307 c.
1323 1279 1451 1321 prope
1479 1265 1606 1315 Ymn,
1638 1278 1703 1306 co-

52 1335 197 1389 piose3
231 1335 353 1374 etiam
384 1336 424 1373 iu
454 1335 682 1388 Pyrenaeis
712 1349 763 1375 en
794 1335 834 1374 el
862 1334 1011 1375 Puerto
1042 1333 1092 1374 de
1123 1332 1338 1373 Canfranc.
1397 1332 1523 1374 Junio
1559 1346 1594 1372 c.
1625 1331 1674 1373 fr.

163 1404 284 1443 1056.
348 1400 391 1441 (Ι.
421 1402 582 1452 friyida
611 1403 706 1444 All.
735 1402 864 1443 Rcbb.
906 1401 958 1442 Ic.
991 1402 1017 1441 l.
1050 1414 1082 1443 c.
1114 1400 1140 1441 f.
1172 1404 1266 1443 616.
1308 1423 1361 1431 -
1399 1400 1459 1442 ΡΙ.
1490 1413 1577 1441 exs.
1609 1399 1701 1440 coll.

50 1480 141 1508 ven.
173 1481 212 1508 n.
247 1472 339 1511 156.

160 1535 206 1575 In
236 1537 485 1592 graminosis
516 1537 558 1576 in
589 1536 718 1576 latere
749 1536 1063 1589 septentrionali
1092 1536 1243 1576 montis
1272 1534 1448 1576 calcarei
1473 1535 1587 1576 Pena
1602 1534 1704 1576 Gor-

50 1616 156 1657 veya
185 1604 226 1643 iu
257 1604 451 1657 Vizcaya,
481 1603 533 1643 ad
562 1604 631 1643 alt.
665 1617 698 1644 c.
730 1604 870 1652 40o0¹‚
902 1604 1082 1656 copiose.
1142 1602 1252 1658 Majo
1284 1616 1318 1642 c.
1355 1601 1441 1642 flor.
1500 1601 1547 1643 ln
1577 1602 1702 1656 Pyre-

54 1671 173 1711 naeis
202 1671 292 1711 loco
323 1671 472 1712 Puerto
503 1671 554 1711 de
585 1670 798 1712 eanfrane.
857 1670 984 1712 Junio
1014 1685 1047 1712 c.
1075 1670 1114 1714 fl.

164 1741 283 1780 1057.
346 1737 387 1776 C.
422 1740 587 1778 divulsa
619 1738 775 1778 Conci,
809 1762 862 1771 —
895 1739 955 1779 ΡΙ.
988 1751 1072 1779 exs.
1107 1738 1197 1779 coll.
1230 1751 1320 1781 ven.
1344 1750 1383 1778 n.
1408 1740 1500 1781 176.
1520 1751 1552 1781 c.
1570 1737 1700 1779 Rchb.

49 1804 104 1846 Ic.
136 1804 161 1844 l.
195 1818 228 1846 c.
261 1803 288 1844 f.
320 1807 412 1847 570.

158 1871 204 1912 ln
234 1873 483 1928 graminosis
513 1885 640 1927 prope
668 1873 780 1913 Yrun
811 1874 979 1928 passim.
1011 1873 1124 1929 Majo
1154 1887 1187 1914 c.
1220 1873 1307 1915 flor.

162 1942 281 1981 1058.
342 1939 387 1979 0.
418 1943 608 1979 maxima
638 1940 786 1994 Scop.
821 1940 887 1989 (C.
920 1941 1097 1995 pendula
1127 1940 1273 1987 Good.)
1302 1938 1431 1981 Rcbb.
1472 1939 1527 1980 Ic.
1558 1939 1585 1981 l.
1603 1953 1637 1980 c.
1669 1939 1699 1980 f.

48 2010 143 2049 604.
177 2007 220 2047 C.
254 2006 509 2062 Agastachys
538 2007 659 2048 Ehrh.
693 2033 744 2039 —
775 2008 833 2048 Pl.
866 2021 950 2049 exs.
982 2009 1074 2050 coll.
1106 2022 1196 2048 ven.
1229 2022 1267 2048 n.
1302 2011 1381 2050 176
1399 2008 1435 2050 b.

157 2074 216 2115 Ad
244 2075 399 2115 rivulos
430 2076 471 2115 in
502 2075 708 2116 montibus
737 2089 864 2130 prope
893 2076 1004 2116 Yrun
1036 2089 1140 2119 raro.
1199 2076 1308 2132 Majo
1337 2089 1371 2116 c.
1403 2074 1451 2117 fr.

702 2143 1034 2185 Gramineae.

764 2208 964 2264 Lyqeum.

162 2279 282 2317 1059.
342 2274 392 2319 L.
423 2275 627 2328 Spartam
655 2276 787 2318 Lufl.
828 2278 874 2318 lt.
908 2277 1010 2331 hisp.
1045 2281 1072 2317 t.
1105 2282 1143 2318 2.

163 2341 349 2384 Abundat
377 2345 418 2384 in
451 2344 912 2398 sterilibuspraecipue
942 2345 1217 2401 salsuginosis
1235 2344 1470 2398 Aragoniae
1491 2341 1698 2384 inferioris

53 2414 95 2450 et
125 2409 332 2451 Castellae
361 2423 513 2451 novae:
544 2425 672 2466 prope
702 2412 874 2462 Gurrea,
906 2414 1016 2453 inter
1044 2413 1202 2468 Alagon
1231 2415 1274 2452 et
1291 2411 1414 2467 Borja
1443 2412 1551 2452 circa
1565 2410 1698 2452 Fuen-

48 2477 238 2518 tiduenas
268 2481 344 2518 etc.
406 2477 489 2519 Jul.
518 2480 602 2534 jam
632 2479 773 2520 deflor.

795 2546 949 2599 Oryza.

161 2604 280 2643 1060.
341 2600 387 2641 0.
418 2603 556 2642 sativa
584 2602 629 2643 L.

160 2666 318 2708 Colitur
346 2667 540 2722 frequens
569 2671 609 2710 in
639 2683 767 2727 regno
798 2670 1008 2712 valentino
1047 2669 1097 2711 ad
1138 2671 1268 2712 lacum
1314 2668 1509 2711 Albufera
1551 2672 1595 2711 et
1629 2668 1703 2711 flu·

46 2735 156 2776 vium
187 2734 327 2777 Jucar.
357 2736 459 2792 Aug.
491 2751 524 2778 c.
556 2737 644 2779 flor.

813 2791 918 2834 Zea.

157 2849 276 2889 1061.
337 2846 387 2890 Ζ.
419 2846 545 2901 Mays
572 2847 617 2892 L.

159 2914 314 2956 Colitur
343 2914 508 2971 ubique,
539 2918 758 2972 praecipue
786 2917 827 2958 in
866 2917 1089 2973 provinciis
1117 2913 1441 2959 mediterraneis.
