1867 3215
150 97 215 143 86

653 217 1286 263 calyeirlorae.

783 298 1180 338 Celastrineae.

851 364 1106 418 Evonymus.

262 437 358 474 221.
418 432 723 482 E.eur0paeus
738 431 781 474 L.
815 430 944 481 Rchb.
976 433 1030 476 lc.
1060 431 1127 473 Vl.
1162 430 1188 472 f.
1221 433 1341 473 5134.
1373 430 1433 470 ΡΙ.
1468 441 1554 469 exs.
1586 427 1677 468 coll.
1709 439 1800 467 ven.

151 514 188 541 n.
223 505 313 543 122.

259 566 306 606 In
338 564 507 620 sepibus
543 564 799 621 dumetisque
818 566 1074 617 Cantabriae,
1106 568 1213 607 circa
1228 563 1388 614 Bilbao,
1420 560 1610 611 Galindo,
1640 561 1802 602 Somor-
1839 594 1846 595 ἶ

153 637 285 674 rostro
317 637 357 674 et
388 630 484 673 alibi
515 634 693 688 copiose.
725 633 834 689 Majo
867 649 899 676 c.
931 634 968 676 fl.

841 699 1119 740 lcicineae,

921 766 1030 808 Ilear.

267 827 361 864 222.
424 822 457 862 Ι.
490 822 755 873 Aquifolium
784 823 825 863 L.

263 888 451 930 Abundat
481 892 522 930 in
553 890 746 943 sepibus,
777 889 975 939 dumetis,
1007 889 1205 941 silvisque
1237 885 1495 935 Cantabriae,
1527 886 1732 926 Navarrae
1763 891 1803 925 et

155 958 388 1013 Aragoniae
419 958 664 1010 superioris:
698 958 739 995 in
770 954 942 996 collibus
974 954 1261 1007 montibusque
1292 967 1418 1008 prope
1443 955 1568 1004 Yrun,
1603 953 1804 1007 Oyarzun,

152 1024 331 1072 Tolosa,
372 1023 540 1070 Bilbao,
581 1037 631 1063 en
663 1023 724 1062 las
754 1022 1098 1071 Encastaciones,
1130 1024 1170 1061 in
1203 1025 1338 1061 monte
1371 1022 1482 1061 Pena
1514 1021 1729 1073 Gorveya‚
1760 1021 1802 1059 in

152 1091 259 1131 valle
292 1091 406 1130 fluvii
439 1090 652 1138 Bidassoa,
683 1092 723 1129 in
754 1090 861 1129 valle
892 1089 941 1128 de
973 1089 1142 1135 Baztan,
1175 1089 1321 1128 Puerto
1353 1087 1402 1127 cle
1428 1087 1585 1133 Belato,
1617 1088 1658 1126 in
1689 1087 1803 1140 pine-

153 1159 207 1197 tis
238 1159 388 1197 montis
414 1157 526 1197 Pena
557 1156 605 1196 de
624 1156 757 1203 Oroel,
789 1157 829 1194 in
862 1153 1036 1194 vallibus
1054 1156 1353 1207 Pyrenaeorum
1382 1151 1642 1193 inferioribus
1673 1165 1803 1206 usque

151 1226 304 1271 3000‘3
339 1225 378 1262 in
413 1224 553 1263 Sierra
582 1223 631 1263 de
663 1222 940 1262 Guadarrama
972 1223 1012 1260 in
1044 1222 1196 1275 pinetis
1227 1234 1350 1276 supra
1380 1224 1550 1261 monast.
1583 1221 1657 1261 Sta
1673 1219 1804 1261 Maria

153 1290 218 1332 del
248 1291 397 1332 Paular
427 1290 477 1332 ad
507 1292 573 1331 alt.
608 1291 745 1332 5000‘.
779 1290 891 1342 Sept.
925 1302 955 1327 c.
989 1287 1035 1326 fr.

822 1355 1139 1394 Rhamneae.

862 1422 1096 1462 Rhanmus.

266 1495 370 1533 223.
428 1491 509 1532 Rh.
541 1492 771 1531 cathartica
799 1489 844 1530 L.

264 1557 312 1599 In
344 1558 578 1599 nemoribus
609 1560 649 1598 in
680 1558 786 1597 valle
817 1556 929 1596 fluvii
961 1556 1121 1610 Aragon
1154 1555 1331 1608 passim3
1376 1554 1515 1594 Sierra
1546 1552 1595 1594 de
1627 1551 1805 1594 Guadar·

155 1638 267 1666 rama
297 1639 424 1680 prope
455 1630 628 1665 monast.
661 1625 808 1664 Paular
839 1626 879 1663 et
908 1623 947 1662 la
978 1624 1141 1678 Granja.
1175 1623 1290 1675 Sept.
1323 1634 1356 1660 c.
1389 1621 1435 1661 fr.

266 1696 359 1734 224.
423 1692 503 1733 ΒΙι.
537 1692 762 1741 infectoria
795 1690 839 1730 L.

266 1760 325 1799 Ad
356 1773 482 1812 rupes
513 1760 722 1799 calcareas
755 1771 880 1811 prope
902 1755 1297 1798 Prados-Redondos
1329 1755 1434 1796 baud
1464 1756 1603 1811 procul
1634 1756 1683 1797 ab
1714 1769 1806 1812 opp.

158 1825 313 1866 Molina
344 1826 394 1867 de
424 1828 600 1881 Aragon.
632 1826 716 1866 Jul.
749 1839 781 1865 c.
815 1824 863 1864 fr.

269 1897 362 1935 225.
421 1893 503 1936 Rh.
533 1896 729 1945 lycioides
757 1892 801 1932 L.
834 1892 891 1932 Pl.
927 1905 1011 1932 exs.
1045 1891 1135 1930 coll.
1168 1904 1257 1932 ven.
1289 1904 1328 1930 n.
1364 1893 1457 1932 513.

269 1960 459 2001 Abundat
490 1963 529 2000 in
562 1962 699 2014 pineto
731 1959 780 1999 ad
811 1961 941 1999 lacum
959 1958 1150 1999 Albufera
1182 1971 1306 2011 prope
1323 1958 1568 1998 Valentiam.
1602 1955 1807 2013 Augcfr.

271 2031 365 2069 226.
426 2026 507 2066 Rn.
539 2027 768 2066 Alacernus
796 2026 837 2070 L.
869 2027 928 2066 Pl.
962 2040 1045 2066 exs.
1079 2026 1168 2065 coll.
1203 2038 1291 2064 ven.
1323 2038 1360 2063 n.
1392 2027 1458 2066 78.

271 2093 318 2133 In
359 2095 527 2148 sepibus
559 2095 802 2135 Cantabriae
845 2095 1096 2143 maritimae,
1139 2106 1174 2133 v.
1218 2107 1250 2133 c.
1284 2093 1389 2132 circa
1420 2092 1577 2132 Bilbao.
1636 2091 1746 2148 Majo
1778 2105 1810 2134 c.

161 2158 206 2200 fr.
236 2161 321 2215 juv.

271 2230 363 2268 227.
423 2226 506 2266 Rh.
540 2227 759 2277 Franqula
790 2229 833 2268 1..
864 2229 922 2270 Pl.
956 2241 1041 2268 exs.
1075 2227 1165 2266 coll.
1199 2239 1288 2266 ven.
1322 2239 1359 2266 n.
1396 2228 1486 2268 178.

264 2293 309 2332 ln
352 2295 557 2334 montibus
589 2297 831 2336 cantabricis
863 2296 1039 2348 passim,
1082 2307 1117 2332 v.
1149 2308 1180 2334 c.
1215 2294 1253 2331 in
1287 2296 1490 2347 quercetis
1522 2295 1627 2334 inter
1658 2293 1809 2335 Orozco

160 2363 201 2399 et
230 2360 426 2410 Zornosa,
458 2375 508 2401 en
540 2363 578 2401 el
610 2363 758 2403 Puerto
790 2363 839 2402 «le
871 2363 1093 2415 Descarga.
1126 2361 1233 2413 lllajo
1266 2374 1294 2399 c.
1330 2361 1367 2401 ss.

735 2428 1250 2468 Therebinchaceae.

887 2496 1088 2535 Pinaria.

275 2562 368 2600 228.
431 2559 479 2600 P.
515 2558 734 2599 Lentiscus
765 2562 805 2601 L.
840 2564 897 2602 Pl.
932 2576 1017 2602 exs.
1051 2561 1140 2601 coll.
1173 2572 1261 2600 ven.
1295 2573 1332 2599 n.
1366 2563 1459 2600 491.

274 2615 464 2655 Abundat
504 2615 552 2654 ad
595 2615 724 2654 lacum
765 2619 956 2659 Albufera
997 2622 1036 2656 et
1079 2618 1117 2656 in
1160 2615 1333 2654 vallibus
1376 2614 1640 2656 inferioribus
1693 2615 1809 2670 regni

165 2670 374 2713 valentini,
406 2672 508 2725 Aug.
541 2685 573 2709 c.
608 2670 653 2709 sr.

276 2730 368 2767 229.
431 2725 480 2764 P.
517 2725 794 2765 Terebinlhus
827 2727 870 2765 ¹¹.

273 2781 330 2819 Ad
361 2795 485 2832 rupes
515 2782 737 2835 graniticas
769 2783 807 2820 in
842 2782 946 2822 valle
980 2782 1088 2822 fluvii
1107 2781 1208 2834 Tajo
1242 2793 1366 2834 prope
1399 2779 1587 2821 Toletum
1618 2784 1738 2833 atque
1769 2781 1809 2820 in

162 2834 269 2873 valle
301 2835 411 2875 fluvii
430 2837 546 2876 Jerte
577 2850 634 2889 pr.
660 2838 901 2889 l'lascncia3
937 2840 975 2877 in
1008 2838 1206 2877 valleculo
1234 2835 1283 2876 ad
1303 2837 1508 2876 introitum
1527 2837 1622 2891 pagi
1644 2834 1811 2876 Cebolla

162 2890 201 2928 in
235 2890 342 2930 Cast.
375 2905 492 2933 nova.
526 2893 610 2934 Oct.
644 2906 676 2931 c.
710 2892 754 2933 fr.
