1867 3215
1611 70 1706 117 129

179 195 237 237 Ad
267 206 390 249 sepes
419 205 546 248 prope
577 193 704 241 Yrun,
737 190 905 243 Tolosa,
936 192 1081 233 Bilbao
1112 194 1220 241 (loco
1246 192 1380 233 Paseo
1409 190 1459 232 de
1487 192 1550 232 las
1576 193 1711 235 Canas

67 265 107 304 in
140 262 308 318 sepibus
339 261 542 301 umbrosis
573 260 747 300 occurrit
778 258 907 299 forma
945 260 1139 315 elongata
1178 259 1288 300 foliis
1317 259 1637 310 inciso-lobatis)
1673 266 1714 301 et

65 329 161 379 alibi
193 330 233 369 in
265 328 485 368 Cantabria
514 331 555 366 et
583 326 774 367 Navarra.
835 327 958 382 MaJo,
988 327 1113 368 Junio
1145 341 1180 370 c.
1210 326 1295 367 ssor.

176 399 269 438 8⁴3.
329 394 378 435 l..
411 393 686 434 Galeobdolon
717 392 919 434 Grantz.
962 394 1106 435 Beuth.
1139 395 1164 434 l.
1198 408 1230 436 c.
1261 407 1298 447 p.
1342 396 1434 436 512.
1471 392 1714 445 (Galeobdo-

69 464 134 503 lon
165 463 316 503 luteum
347 459 526 513 Miinch.)

178 528 237 571 Ad
266 541 390 581 sepes
420 527 664 580 dumetaque
696 539 822 580 prope
852 527 986 578 Yrun,
1026 528 1238 581 Oyarzun,
1283 526 1461 577 Tolosa,
1502 525 1646 567 Bilbao
1677 528 1719 565 et

67 597 165 638 alibi
195 598 236 636 in
267 595 497 635 Cantabria.
558 594 650 648 Apr.
684 593 793 648 Majo
824 607 859 634 c.
896 593 981 635 flor.

798 660 976 701 Balloca.

179 732 273 772 844.
336 727 386 769 Β,
418 730 541 778 niqra
570 726 613 767 L.
645 726 792 767 Benth.
829 727 853 767 l.
887 741 919 768 c.
953 742 990 781 p.
1021 730 1113 769 520.

179 797 225 838 ln
255 796 457 838 ruderatis
486 808 612 850 prope
641 793 898 835 salamanca.
935 794 1075 835 Octob.
1107 807 1140 834 c.
1173 792 1213 833 fl.

794 859 993 902 Phlomis.

182 933 277 974 845.
314 928 417 971 ‘Pla
449 928 664 982 Lychnitis
707 927 751 968 L.
783 926 932 970 Benth.
962 928 988 967 l.
1022 941 1055 968 c.
1087 941 1125 982 p.
1158 929 1250 969 537.
1290 949 1344 959 —
1396 925 1457 968 Pl.
1496 939 1580 966 exs.
1626 926 1718 968 coll.

69 1011 161 1039 ven.
192 1011 232 1039 ιι.
264 999 316 1038 43
329 997 363 1037 b.

180 1064 227 1104 ln
258 1063 456 1119 calcar-eis
484 1061 610 1102 aridis
639 1061 833 1102 Navarrae
865 1061 1122 1102 australioris
1158 1061 1209 1113 (v,
1253 1075 1285 1103 c.
1327 1061 1415 1102 loco
1456 1061 1612 1102 Puente
1652 1060 1719 1102 del

72 1132 219 1172 Diablo
251 1130 301 1171 ad
330 1129 499 1170 fluvium
531 1128 657 1181 lrati),
689 1130 906 1182 Aragoniae
934 1128 1143 1168 inferioris
1173 1128 1380 1176 (Beruela,
1413 1129 1519 1168 inter
1548 1128 1722 1180 Maynar

70 1203 112 1239 et
148 1199 310 1238 Dar-oca
350 1200 448 1244 ete.)
492 1197 699 1250 totiusque
728 1197 955 1250 Hispaniae
999 1194 1193 1236 centralis
1237 1199 1278 1235 et
1317 1195 1524 1236 australis.
1579 1194 1722 1244 Junio‚

8 1274 10 1276 '
69 1266 182 1307 Julio
214 1279 246 1306 c.
277 1264 364 1308 flor.

179 1335 273 1374 846.
335 1330 414 1371 Ph.
445 1331 572 1370 herba
602 1332 714 1370 venti
742 1329 785 1371 L.
817 1328 961 1373 Beuth.
994 1329 1020 1369 l.
1055 1342 1087 1370 c.
1118 1342 1157 1382 p.
1196 1330 1290 1370 542.
1322 1350 1374 1358 -
1419 1327 1478 1369 Pl.
1512 1341 1597 1368 exs.
1629 1328 1723 1372 coll.

70 1413 159 1442 ven.
193 1411 232 1438 ιι.
264 1400 358 1439 389.
1184 1446 1187 1449 ἢ

178 1467 224 1507 ln
252 1466 365 1522 agris
395 1477 521 1519 prope
550 1462 744 1512 Liedena,
776 1463 886 1502 Yesa
916 1465 956 1502 et
985 1462 1082 1502 alibi
1113 1463 1159 1502 in·
1180 1460 1362 1501 Navarra
1400 1463 1710 1502 austro-orien-

70 1534 166 1585 tali,
208 1535 249 1574 in
294 1533 402 1574 valle
432 1532 546 1573 fluvii
575 1532 752 1585 Magon,
783 1531 991 1584 praecipue
1020 1530 1128 1570 circa
1156 1528 1271 1570 Jaca.
1302 1527 1443 1580 Junio‚
1473 1528 1557 1570 Jul.
1590 1543 1622 1571 c.
1641 1529 1727 1570 flor.

774 1596 1012 1637 Teucriam.

180 1669 277 1709 847.
340 1664 392 1706 Τ.
427 1663 692 1706 Scorodom'a
723 1664 768 1704 L.
801 1663 949 1704 Beuth.
981 1664 1005 1703 l.
1037 1676 1069 1704 c.
1101 1676 1139 1717 p.
1170 1664 1265 1705 584.
1310 1684 1365 1692 ·—
1406 1661 1466 1703 Pl.
1507 1675 1594 1703 exs.
1635 1661 1728 1703 coll.

71 1746 162 1774 ven.
193 1747 231 1773 ιι.
263 1736 355 1774 215.

181 1798 241 1840 Ad
278 1812 402 1853 rupes
449 1800 611 1853 apricas
653 1798 861 1852 praecipue
901 1797 1112 1837 arenarias
1157 1797 1264 1836 inter
1305 1794 1476 1835 frutices
1514 1794 1729 1847 Hispaniae

77 1866 255 1907 boreali
272 1866 484 1906 orientalis
516 1869 556 1906 et
590 1865 783 1904 centralis
814 1864 906 1903 hinc
936 1863 1052 1904 inde:
1093 1875 1221 1916 prope
1250 1862 1360 1902 Yrun
1387 1862 1504 1916 Juxta
1542 1866 1730 1902 sanctua-

75 1935 177 1974 rium
209 1933 251 1973 S.
284 1932 455 1973 Marcial
485 1936 608 1986 atque
636 1933 676 1971 in
709 1931 815 1971 valle
848 1930 960 1970 fluvii
988 1929 1192 1970 Bidassoa
1221 1930 1448 1981 (copioseJ3
1488 1928 1529 1967 in
1561 1941 1729 1981 quei-ee·

72 2001 126 2040 tis
156 2001 306 2039 montis
323 1999 525 2053 Moncayo
554 1998 605 2039 ad
634 1999 706 2038 alt.
740 1998 1053 2046 loon—150w3
1090 1996 1139 2036 ad
1169 1996 1292 2049 rupes
1322 1995 1546 2050 graniticas
1563 1995 1604 2034 in
1621 1995 1729 2036 valle
1806 2008 1813 2013 ”

76 2065 189 2107 fluvii
219 2066 337 2107 Jerte
367 2079 494 2121 prope
525 2066 758 2107 Plasencia.
789 2065 886 2106 Jun.
918 2064 1002 2105 Jul.
1034 2077 1067 2103 c.
1100 2062 1186 2104 flor.
1220 2061 1304 2102 Oct.
1336 2074 1369 2101 c.
1401 2059 1449 2100 fr.

190 2134 286 2174 848.
350 2131 401 2173 T.
434 2131 592 2184 Botrys
620 2131 663 2173 L.
695 2130 841 2172 Benth.
874 2131 900 2171 l.
933 2144 965 2171 c.
1000 2144 1040 2185 p.
1072 2132 1166 2172 587.
1211 2150 1265 2161 —-
1307 2127 1367 2168 Pl.
1399 2140 1485 2170 exs.
1515 2126 1606 2167 coll.
1635 2139 1727 2168 ven.

76 2213 114 2241 ιι.
147 2202 240 2241 315.

190 2264 235 2306 ln
268 2267 434 2320 pascuis
473 2266 594 2306 siccis
635 2266 796 2306 saxosis
835 2277 962 2319 prope
1001 2275 1150 2318 pagum
1186 2261 1356 2303 Castillo
1393 2262 1435 2301 in
1474 2260 1583 2301 valle
1619 2259 1731 2302 fluvii

78 2333 243 2388 Aragon
274 2334 316 2372 in
347 2332 563 2386 Pyrenaeis
593 2331 643 2372 ad
674 2332 744 2373 alt.
778 2345 811 2371 c.
844 2331 983 2372 2500‘.
1015 2329 1140 2370 Junio
1172 2343 1204 2370 c.
1237 2328 1322 2369 flor.

191 2402 286 2441 849.
349 2398 399 2441 Τ
429 2398 712 2451 chamaedrys
740 2397 782 2439 L.
815 2396 961 2437 Beuth.
993 2397 1018 2437 l.
1051 2410 1084 2437 c.

189 2465 236 2506 lu
266 2465 471 2521 glareosis
501 2466 699 2506 calcareis
728 2467 970 2518 rupiumque
997 2461 1160 2503 fissuris
1197 2475 1270 2514 per
1310 2464 1434 2501 totam
1464 2441 1728 2513 Hispaniam.

32 2527 46 2541 ‘
79 2534 186 2573 inter
215 2532 319 2573 Jaca
349 2536 390 2572 et
419 2533 463 2572 S
495 2533 605 2574 Juan
637 2532 687 2573 de
716 2532 756 2572 la
786 2532 899 2572 Pena
927 2529 1074 2582 (forma
1103 2527 1394 2584 glabriuscuh,
1424 2527 1601 2568 bracteis
1622 2526 1731 2579 caly-

81 2599 277 2652 cibusque
305 2599 709 2653 pupurascentibus),
740 2611 866 2652 prope
895 2596 1051 2637 Molina
1089 2595 1140 2637 de
1170 2598 1332 2651 Aragon
1376 2593 1523 2646 (forma
1559 2592 1731 2640 hirsuta,

80 2663 259 2719 fragilis,
292 2664 521 2718 parviflora.
552 2666 612 2706 Pl.
646 2678 729 2705 exs.
763 2664 854 2704 coll.
887 2676 980 2703 ven.
1013 2676 1052 2703 n.
1084 2664 1216 2716 454.);
1260 2665 1300 2703 in
1337 2662 1450 2717 jugis
1494 2659 1590 2699 altis
1627 2660 1734 2699 inter

82 2730 216 2771 Chera
259 2735 300 2771 et
329 2732 483 2772 Setiles
514 2734 554 2772 in
597 2732 777 2772 Castella
817 2743 921 2771 nova
959 2729 1105 2782 (forma
1147 2729 1312 2770 humilis
1357 2725 1644 2777 condensata);
1689 2725 1732 2764 in

81 2798 259 2852 planitie.
282 2797 365 2838 alta
395 2799 502 2839 circa
533 2798 734 2839 Barracas
764 2799 805 2837 in
835 2810 963 2853 regno
996 2797 1200 2837 valentino
1228 2795 1375 2848 (forma
1402 2791 1634 2848 parviflora‚
1665 2804 1730 2831 co·

80 2863 196 2905 tollis
213 2862 547 2916 flavescentibus,
575 2862 687 2906 foliis
717 2864 1067 2912 inciso-crenatis]
1099 2866 1176 2907 etc.
1193 2863 1319 2905 Junio
1339 2862 1440 2916 Aug.
1465 2872 1499 2900 c.
1519 2857 1606 2900 flor.
1624 2862 1666 2899 et
1681 2856 1728 2898 fr.

1447 2934 1488 2969 17
