1867 3215
416 63 438 91 ⁵*
1598 76 1690 124 127

719 192 999 235 Marrubium.

146 263 241 302 831.
303 259 361 299 Μ.
392 262 587 311 supinum
618 258 662 298 L.
696 259 840 300 Reum,
875 261 900 300 l.
935 276 968 302 c.
1000 275 1038 316 p.
1068 264 1164 304 450.
1203 262 1280 311 (Μ.
1319 265 1519 306 sericeum
1558 266 1691 307 Boiss.

49 339 139 380 voy.
172 327 270 381 Esp.
303 327 361 367 Fl.
396 342 432 380 p.
465 329 558 368 508.
591 331 617 365 t.
653 328 742 367 148.
777 349 827 356 —
859 327 919 367 Pl.
952 341 1034 367 exs‘
1068 330 1158 369 coll.
1191 343 1280 371 ven.
1313 331 1388 374 sel.
1420 346 1457 373 n.
1490 332 1609 385 5612.)

158 393 203 432 ln
235 407 362 448 regno
394 393 600 433 valentino
629 395 670 433 in
702 394 906 448 glareosis
937 395 1133 436 calcareis
1163 397 1270 437 inter
1299 399 1510 439 cacumina
1547 399 1587 439 la
1617 398 1691 439 ca-

42 460 172 499 soleta
203 465 242 500 et
259 460 354 500 Pico
384 459 434 500 de
451 460 624 500 Pascua!
654 459 705 500 ad
735 460 803 500 alt.
837 475 869 500 c.
894 462 1136 516 3000‘Aug.
1156 462 1247 503 binc
1266 463 1360 505 inde
1377 464 1506 506 adhuc
1525 465 1688 506 florens.

153 529 247 568 832.
306 526 366 568 M.
399 529 575 577 vulyare
605 526 634 567 L
678 526 823 570 Bentb.
854 528 881 568 l.
914 542 950 569 c.
981 544 1018 583 p.
1050 532 1146 572 453.

151 593 195 633 ln
228 596 361 634 vineis
390 608 518 649 prope
549 594 720 644 Daroca,
756 595 908 635 Teruel
938 600 1016 636 etc.
1049 597 1089 636 in
1121 598 1327 651 Aragonia
1364 599 1533 639 australi
1565 613 1690 654 prope

41 659 194 700 Molina
224 661 274 700 de
305 663 480 717 Aragon,
513 663 618 702 inter
649 661 875 702 Cercedilla
916 666 956 702 et
987 662 1264 703 Guadarrama
1308 668 1384 707 etc.
1424 667 1464 705 in
1506 665 1688 706 Castella

41 741 158 778 nova,
191 742 317 781 prope
347 729 541 784 Segovia,
573 729 829 769 Salamanca.
863 729 946 769 Jul.
979 744 1012 770 c.
1042 730 1128 770 flor.

151 795 196 851 β.
226 799 416 836 lanatum
445 783 629 838 Be‘nth.
660 796 684 835 l.
719 810 739 835 c
766 794 787 835 'i’
817 796 887 847 (M.
918 797 1083 850 apulum
1112 796 1276 837 Tenore
1289 797 1328 850 P)
1362 797 1689 853 Microphyllum‚

41 861 152 902 foliis
181 862 556 903 suborbicularibus
585 864 773 916 utrinque
817 863 994 903 molliter
1037 864 1479 916 lanato-tomentosis‚
1523 865 1691 906 floribus

41 930 275 984 majoribus,
308 930 517 984 calycibus
546 943 662 983 saepe
692 942 773 969 non
804 930 884 969 nisi
918 933 942 970 5
971 929 1122 970 dentes·
1142 931 1395 986 ‘gen-entibus,

152 997 197 1037 ln
239 997 411 1038 collibus
450 996 575 1037 aridis
604 997 753 1038 Puerto
794 996 844 1037 de
874 996 1044 1038 Daroca.
1115 997 1228 1038 Julio
1268 996 1356 1039 fere
1384 998 1533 1040 exsicc.
1564 1012 1597 1039 c.
1627 1011 1690 1040 se-

38 1064 133 1104 min.
167 1069 261 1104 mat.

80 1136 84 1145 ‘
751 1131 960 1171 Retouina.

152 1200 246 1240 833.
307 1198 357 1241 B.
392 1198 621 1247 officinalis
659 1196 700 1237 L.
743 1197 890 1238 Benth.
923 1199 948 1238 Ι.
987 1212 1020 1238 c.
1053 1213 1090 1251 p„
1121 1200 1214 1240 460.
1259 1220 1312 1228 --
1361 1198 1421 1239 Pl.
1468 1212 1552 1239 exs.
1598 1199 1688 1241 coll.

36 1278 124 1305 ven.
156 1279 192 1305 n.
225 1269 320 1307 429.

151 1330 193 1371 ln
234 1332 468 1372 nemoribus
509 1331 768 1384 dumetisque
800 1330 1013 1385 Hispaniae
1058 1332 1465 1372 boreali-orientalis
1509 1334 1689 1387 passim:

37 1400 77 1438 in
111 1401 314 1452 quercetis
344 1401 384 1438 in
416 1399 544 1438 latere
577 1400 827 1452 aragonensi
858 1400 1008 1439 montis
1023 1399 1226 1452 Moncayo
1251 1399 1302 1439 ad
1327 1400 1687 1440 alt.c.1-2000‘.

35 1465 119 1507 Jul.
150 1479 183 1505 c.
216 1465 320 1516 flor.,
350 1467 390 1505 in
423 1467 626 1519 quercetis
657 1466 763 1505 inter
792 1465 947 1506 Molina
977 1466 1026 1506 de
1056 1467 1219 1520 Aragon
1259 1470 1300 1505 et
1330 1466 1485 1506 Pardos
1524 1466 1574 1506 ad
1614 1466 1684 1507 alt.

35 1534 175 1574 3500‘.
234 1534 335 1586 Aug.
369 1533 537 1572 ineunte
568 1545 601 1572 c.
632 1531 737 1582 ssor.,
771 1533 810 1571 in
843 1532 1016 1573 collibus
1049 1532 1231 1573 dumosis
1262 1546 1389 1587 prope
1406 1533 1531 1581 Yrun,
1558 1532 1594 1576 d.
1625 1535 1684 1575 17.

34 1599 131 1640 Deo.
160 1598 294 1640 adhuc
323 1599 488 1639 florens.

763 1663 955 1718 Slaclzys.

146 1737 241 1775 834.
305 1732 366 1773 Sc.
396 1735 639 1787 qermanica
670 1731 712 1772 L.
746 1731 894 1772 Bentb.
938 1732 961 1772 l.
1005 1746 1037 1772 c.
1070 1746 1108 1786 p.
1140 1736 1233 1776 464.
1273 1756 1324 1763 —-
1369 1733 1428 1774 Pl.
1468 1747 1553 1775 exs.
1595 1734 1686 1774 coll.

36 1815 126 1842 ven.
159 1815 198 1846 n,
227 1804 320 1842 434.

151 1868 210 1909 Ad
240 1867 508 1921 aquaeductus
539 1881 666 1922 prope
684 1868 806 1923 Borja
837 1872 959 1921 alque
989 1868 1096 1908 inter
1122 1865 1282 1906 Pascat)
1312 1870 1352 1906 et
1382 1867 1516 1925 Alitaln
1545 1867 1596 1908 ad
1626 1881 1686 1908 ra-

33 1936 146 1976 dices
177 1937 327 1975 montis
356 1933 558 1988 Moncayo
590 1935 630 1973 in
662 1936 869 1989 Aragonia
898 1934 1106 1975 inferiore.
1138 1934 1222 1975 Jul.
1255 1948 1288 1975 c.
1321 1933 1360 1974 ss.

144 2006 239 2044 835.
300 2001 363 2043 st.
398 2005 545 2051 alpina
574 2000 617 2043 L.
649 2001 794 2041 Benth.
830 2001 855 2041 1.
888 2014 921 2041 c.
955 2015 991 2054 p.
1023 2004 1116 2044 465.

144 2070 190 2110 ln
239 2070 484 2124 graminosis
532 2067 737 2108 umbrosis
798 2069 1020 2121 provinciae
1068 2067 1299 2108 Cantabriae
1356 2069 1509 2122 passim
1557 2082 1684 2123 prope

34 2137 182 2177 Bilbao
211 2138 326 2190 juxta
356 2136 648 2176 monasterium
682 2135 1002 2188 Capucinorum,
1045 2136 1150 2174 inter
1190 2135 1370 2175 Hernani
1408 2139 1449 2176 et
1481 2137 1684 2189 Oyarzuu,
1746 2186 1748 2188 V

33 2217 158 2258 prope
189 2204 299 2244 Yrun
331 2205 370 2243 in
402 2203 510 2243 valle
539 2200 896 2242 fluvii‘Bidassoa.
955 2202 1079 2257 Majo‚
1111 2203 1236 2243 Junio
1269 2218 1301 2246 c.
1334 2203 1421 2244 ssor.

141 2273 236 2313 836.
299 2269 361 2310 Sc.
395 2265 585 2309 silvatica
615 2269 659 2309 L.
693 2269 837 2310 Benth.
872 2270 897 2309 l.
930 2283 962 2309 c.
994 2283 1031 2323 p.
1063 2273 1156 2313 469.

142 2338 188 2377 ln
219 2338 390 2392 sepibus
422 2337 624 2377 umbrosis
656 2351 782 2392 prope
800 2337 942 2377 Bilbao
973 2341 1013 2376 et
1030 2337 1126 2377 alibi
1144 2338 1183 2377 in
1201 2337 1431 2378 Cantabria.
1463 2336 1573 2393 Majo
1591 2353 1619 2378 c.
1640 2327 1700 2379 fls

141 2408 236 2446 837.
298 2402 360 2443 Sc.
379 2416 521 2442 annua
538 2402 582 2446 L.
604 2404 751 2444 Benih.
770 2404 794 2443 l.
816 2418 847 2445 c.
866 2418 904 2458 p.
923 2406 1016 2445 481.
1034 2428 1087 2435 --
1117 2403 1177 2444 Pl.
1200 2417 1284 2444 exs.
1305 2404 1394 2445 coll.
1413 2417 1504 2444 ven.
1527 2418 1566 2447 n.
1585 2408 1680 2447 25⁰.

144 2471 187 2510 ln
219 2472 330 2526 agris
362 2471 559 2511 calcareis
589 2471 797 2511 derelictis
835 2471 940 2511 inter
971 2470 1195 2525 Pamplona
1234 2474 1276 2512 et
1304 2470 1491 2513 Moureal
1531 2472 1572 2512 in
1602 2471 1681 2512 Na-

32 2551 149 2579 varra
177 2539 357 2591 copiose.
417 2537 542 2578 Junio
574 2552 606 2578 c.
639 2538 724 2579 flor.

732 2604 961 2655 Galeopszs.

142 2673 236 2712 838.
298 2671 345 2710 G.
379 2668 603 2711 Ladanum
630 2671 674 2712 L.
712 2670 946 2720 admiralio
977 2670 1119 2713 Koch
1151 2672 1251 2725 Syn.
1282 2670 1344 2711 Fl.
1376 2683 1505 2726 germ.
1536 2693 1590 2702 —-
1619 2671 1679 2714 Pl.

32 2751 118 2780 exs.
149 2737 239 2778 coll.
275 2751 364 2779 ven.
397 2752 433 2778 n.
466 2741 559 2781 417.
1078 2748 1103 2761 ‘'

143 2805 283 2845 Sierra
326 2804 376 2845 de
422 2804 623 2859 Moncayo
672 2808 713 2846 in
757 2806 961 2860 glareosis
1018 2803 1238 2862 pinguibus
1278 2805 1407 2859 partis
1444 2805 1684 2860 superioris,

17 2867 241 2931 'praecipue
273 2873 313 2913 in
344 2871 512 2927 rupibus
539 2874 653 2929 juxta
683 2873 960 2915 sanctuarium
990 2872 1041 2914 ad
1068 2873 1138 2914 alt.
1171 2885 1203 2914 c.
1222 2872 1361 2914 300⁰st
1392 2870 1505 2913 Julio
1533 2884 1564 2915 c.
1592 2871 1678 2913 flor.
