1867 3215
868 219 1092 260 Anemone.

275 293 313 329 4.
375 287 422 326 Α.
453 287 598 337 alpina
628 285 674 328 L.
732 286 855 327 Pritz.
895 287 1036 328 Anem.
1073 299 1155 327 rev.
1196 301 1233 340 p.
1271 289 1340 329 47.
1384 285 1445 328 ΡΙ.
1477 299 1561 337 exs.
1591 286 1683 328 coll.
1715 298 1807 329 ven.

162 370 201 397 n.
236 357 328 398 153.
360 353 489 394 Rchb.
521 352 575 394 lc.
606 352 667 393 ΡΙ.
699 365 828 409 germ.
862 352 928 394 lv.
962 354 990 394 f.
1021 357 1142 396 4653.

272 421 320 461 In
346 419 509 461 fissuris
537 421 696 474 rupium
727 424 1021 474 praeruptarum
1050 423 1090 462 in
1121 422 1249 462 latere
1280 420 1466 462 orientali
1496 420 1646 460 montis
1676 418 1806 460 calca-

160 491 220 531 rei
251 490 362 530 Pena
392 489 582 543 Gorveya
612 489 652 528 in
682 487 861 540 Vizcaya
891 485 941 527 ad
970 487 1038 528 alt.
1072 502 1104 528 c.
1137 490 1265 530 4000Ι
1295 489 1462 542 passim.
1493 486 1604 542 Majo
1633 499 1666 528 c.
1697 485 1737 526 fl.

272 550 311 598 5'.
370 555 420 595 A.
451 565 669 595 nemorosa
698 553 744 595 Ι..
776 567 859 595 var.
889 556 1056 596 hirsuta
1078 555 1197 597 Pritz.
1230 556 1303 598 An.
1337 570 1374 610 p.
1407 558 1473 598 93.
1504 555 1563 596 ΡΙ.
1596 567 1682 595 exs.
1713 552 1808 594 coll.

158 638 251 667 ven.
282 637 320 664 n.
356 626 447 665 171.

271 690 329 732 Ad
359 689 580 731 rivulorum
615 688 822 744 margines
852 689 893 728 in
931 690 1097 743 pascuis
1127 689 1355 743 subalpinis
1384 689 1535 730 montis
1566 688 1677 730 Pena
1707 688 1807 729 Gor·

161 772 266 813 vcya
296 760 336 799 in
367 759 546 810 Vizcaya
575 755 625 796 ad
654 756 724 796 alt.
754 769 788 797 c.
819 757 958 797 4500‘.
990 757 1099 812 Majo
1130 771 1162 799 c.
1195 757 1233 797 fl.

272 830 311 868 6.
371 823 421 865 A.
455 823 663 874 Hepatica
693 822 736 862 Ι..
794 824 913 865 Pritz.
954 824 979 863 1.
1020 837 1052 866 c.
1095 839 1131 878 p.
1175 827 1265 866 130.
1298 825 1355 865 Pl.
1397 837 1483 864 exs.
1517 824 1607 864 coll.
1637 835 1729 864 ven.
1761 835 1800 863 n.

161 897 253 936 154.
285 893 433 934 Forma
465 891 633 932 floribus
663 891 715 929 iis
744 891 885 944 stirpis
915 891 1097 946 vulgaris
1141 893 1364 933 minoribus
1403 891 1709 946 pallidio'ribus,
1748 891 1806 930 in-

158 960 317 1003 terdum
347 959 465 999 albis.

270 1027 316 1068 ln
354 1026 517 1067 fissuris
546 1026 704 1079 rupium
744 1023 1028 1078 glareosisque
1059 1028 1261 1067 muscosis
1290 1026 1473 1082 regionis
1504 1025 1733 1080 subalpinae
1765 1026 1806 1064 in

159 1095 401 1143 Cantabria,
440 1093 644 1141 Navarra,
675 1092 899 1145 Aragonia:
933 1092 973 1131 in
1006 1098 1142 1133 monte
1172 1094 1285 1133 Pena
1315 1095 1506 1146 Gorveya
1535 1105 1642 1140 raro,
1671 1092 1806 1146 copio-

156 1164 244 1203 sius
273 1164 315 1202 in
345 1165 463 1215 parte
493 1160 705 1214 superiore
736 1159 886 1198 montis
903 1159 1014 1200 Pena
1045 1160 1094 1200 de
1112 1161 1230 1200 Oroel
1261 1161 1311 1201 ad
1342 1162 1410 1201 alt.
1443 1160 1653 1202 4-—5000‘
1681 1157 1806 1214 [Majo

157 1234 198 1270 et
229 1229 355 1270 Junio
386 1242 418 1268 c.
451 1226 532 1277 ss.),
564 1227 604 1265 in
635 1225 783 1279 Pyren.
816 1225 937 1280 Arag.
969 1226 1020 1266 ad
1050 1227 1216 1268 fluvium
1247 1229 1409 1283 Aragon
1439 1239 1561 1281 supra
1591 1225 1806 1273 (lanfranc,

156 1298 305 1345 3500‘3
337 1297 378 1336 in
408 1298 546 1335 monte
577 1293 795 1347 Aragoniae
826 1293 968 1334 Sierra
999 1294 1048 1335 de
1079 1295 1294 1348 Moncayo.
1325 1296 1450 1336 4000‘
1480 1294 1609 1342 (Julio
1641 1293 1690 1334 de
1721 1291 1778 1339 fl.)

824 1359 1119 1403 Ranunculus.

268 1433 306 1473 7.
367 1429 419 1470 R.
450 1430 700 1468 laedet-avens
728 1425 768 1467 L.
818 1427 947 1467 Rchb.
982 1429 1035 1470 Ic.
1070 1430 1131 1471 Fl.
1164 1443 1289 1485 germ.
1323 1428 1395 1469 ΙΙΙ.
1428 1428 1452 1468 f.
1485 1431 1607 1470 4573.

157 1499 205 1544 ἶ
266 1497 314 1537 In
354 1497 497 1536 rivulis
536 1496 700 1535 collium
731 1496 1020 1550 graniticorum
1051 1496 1100 1537 ad
1133 1496 1298 1538 fluvium
1329 1496 1446 1537 Jerte
1475 1508 1603 1550 prope
1633 1493 1799 1534 Plasen-

155 1567 219 1608 cia
247 1567 288 1606 in
319 1562 623 1605 Extremadura.
665 1562 802 1604 Octob.
836 1575 867 1603 c.
901 1562 949 1602 fr.

264 1635 303 1674 8.
363 1630 417 1672 R.
448 1631 647 1682 aquatilis
676 1627 717 1669 L.
781 1645 819 1671 α.
849 1630 1023 1680 fluitans
1052 1632 1175 1671 Gren.
1210 1631 1330 1672 Godr.
1364 1630 1424 1671 Fl.
1459 1629 1508 1671 de
1547 1629 1729 1679 france,
1769 1626 1800 1667 1.

153 1715 191 1757 Ρ.
223 1704 311 1808 2315
351 1766 477 1808 fossis
514 1764 814 1821 paludibusque
844 1763 1059 1805 maritimis
1092 1777 1218 1819 prope
1252 1765 1359 1805 Yrun
1391 1768 1431 1803 et
1459 1762 1556 1804 alibi
1584 1765 1624 1803 in
1656 1762 1801 1803 Canta-

154 1836 256 1878 bria.
288 1837 384 1890 Apr.
416 1848 449 1874 c.
483 1833 521 1873 ss.
558 1837 598 1874 et
629 1831 674 1872 fr.

265 1906 303 1945 9.
365 1900 415 1943 R.
448 1899 634 1940 Peliveri
662 1897 706 1954 β.
739 1897 873 1946 major
894 1898 1038 1939 koch.
1073 1899 1172 1951 Syn.
1204 1899 1264 1938 Fl.
1298 1912 1422 1955 germ.
1456 1897 1517 1939 ed.
1553 1896 1603 1940 11.
1636 1911 1674 1951 p.
1707 1899 1770 1938 13.

264 1970 311 2011 In
342 1969 433 2010 lacu
463 1966 656 2009 Albufera
684 1979 809 2021 prope
839 1966 978 2007 urbem
1010 1967 1205 2006 Valencia
1235 1967 1411 2018 copiose.
1443 1965 1544 2019 Aug.
1579 1977 1611 2004 c.
1643 1962 1690 2003 fr.
1847 2013 1850 2018 Ι

268 2041 332 2090 10,
393 2035 445 2076 R.
474 2047 713 2088 pyrenaeus
741 2033 783 2074 L.
843 2032 974 2074 Rchb.
1014 2033 1066 2073 lc.
1110 2033 1170 2073 ΡΙ.
1214 2046 1252 2087 g,
1297 2032 1368 2071 ΙΙΙ.
1412 2031 1438 2074 f.
1469 2033 1590 2074 4578.
1623 2031 1680 2072 ΡΙ.
1712 2043 1798 2071 exs.

155 2103 247 2145 coll.
278 2116 370 2144 ven.
405 2117 443 2146 n.
478 2106 571 2144 339.
1644 2141 1659 2149 Ι

266 2170 312 2210 ln
352 2171 516 2224 pascuis
556 2168 731 2210 humidis
769 2168 1052 2223 glareosisque
1090 2166 1377 2219 Pyrenoeorum
1418 2165 1634 2220 Aragonioe
1674 2164 1799 2204 edito·

153 2250 264 2278 rum:
306 2238 347 2276 in
387 2236 590 2277 adscensu
631 2235 681 2275 ad
719 2236 869 2276 Puerto
909 2234 958 2274 de
990 2233 1105 2282 1zas,
1145 2234 1458 2280 5500—6000‘3
1499 2245 1622 2286 supra
1650 2230 1799 2271 balnea

153 2304 373 2345 Panticosa
404 2305 444 2343 in
476 2303 700 2344 declivibus
732 2314 875 2341 versus
894 2301 1026 2342 Punta
1055 2299 1104 2339 de
1125 2299 1358 2348 Bondellas,
1391 2300 1672 2344 6-’7000‘ct
1691 2297 1801 2338 circa

155 2371 362 2426 margines
393 2369 574 2426 Lagunoe
605 2369 654 2409 de
684 2367 954 2417 Machimana,
985 2366 1121 2408 6500‘.
1155 2366 1279 2405 Junio
1309 2379 1340 2405 c.
1373 2364 1411 2404 fl.

270 2443 331 2479 11.
393 2436 446 2476 R.
478 2436 801 2486 ampleoeicaulis
830 2435 872 2475 L.
934 2433 991 2474 Pl.
1026 2446 1110 2472 exs.
1142 2432 1232 2472 coll.
1266 2445 1354 2472 ven.
1389 2445 1426 2472 n.
1459 2434 1552 2474 337.

269 2505 367 2545 Cum
397 2502 654 2557 praecedente
686 2500 830 2541 iisdem
862 2501 976 2540 locis.
1011 2499 1135 2540 Junio
1167 2512 1200 2539 c.
1235 2498 1271 2537 ss.

271 2575 334 2613 12.
394 2568 446 2610 R.
481 2568 716 2609 Flammula
746 2566 790 2607 Ι..
851 2568 909 2607 ΡΙ.
953 2580 1036 2607 exs.
1076 2565 1165 2605 coll.
1205 2577 1294 2604 ven.
1339 2579 1376 2605 n.
1413 2568 1501 2607 179.
1562 2563 1709 2606 Forma
1736 2577 1800 2606 ro-

154 2637 275 2679 busta
303 2635 489 2677 latifolia.

267 2703 312 2743 ln
343 2703 561 2758 uliginosis
593 2704 874 2756 quercetorum
909 2702 1014 2741 inter
1039 2700 1220 2741 Zornosa
1250 2698 1501 2754 etDurango
1534 2699 1574 2739 in
1605 2699 1794 2752 Vtzcaya.

155 2770 265 2826 Illajo
297 2775 471 2811 exeunte
502 2784 534 2809 c.
568 2769 606 2808 ss.

269 2839 331 2877 13.
392 2834 445 2876 R.
478 2834 650 2875 Ficaria
681 2834 726 2875 L.
788 2833 914 2875 Rehb.
949 2834 1001 2874 lc.
1036 2832 1096 2874 Fi.
1128 2846 1166 2889 g.
1200 2832 1271 2873 Ill.
1305 2833 1330 2873 f.
1364 2835 1484 2876 4572.

264 2903 308 2942 ln
341 2905 468 2956 pratis
498 2904 824 2958 graminosisque
855 2901 1028 2945 humidis
1059 2898 1288 2944 Cantabriae
1319 2901 1479 2954 ubique.
1512 2900 1603 2952 Apr.
1636 2911 1668 2939 c.
1700 2897 1738 2939 fl.
