1867 3215
1658 85 1719 151 οι

784 208 1023 261 Aeraecylis.

181 277 274 318 584.
338 274 387 316 A.
417 276 588 315 humitis
617 273 661 315 L.
709 274 833 317 Gren.
864 274 987 316 θοὰν.
1018 275 1045 316 l.
1078 289 1111 316 c.
1143 288 1183 330 p.
1215 278 1309 320 2⁷9,
1341 299 1389 307 —
1422 275 1480 316 Pl.
1512 288 1599 316 sxs.
1631 272 1725 317 coll.

69 355 163 384 ven.
195 355 233 384 n.
270 345 366 386 ⁴82.
1708 392 1711 393 ⁷

180 409 226 450 In
268 409 468 450 calcareis
509 406 636 449 aridis
665 409 772 448 inter
803 408 993 464 Segorbe
1023 413 1064 450 et
1093 408 1329 451 Murviedro
1360 410 1402 450 in
1432 420 1562 465 regno
1591 409 1731 450 valen-

71 477 180 526 tin03
214 477 298 532 jam
324 461 380 517 *in
411 477 618 532 Aragonia
646 475 882 516 australiori
913 489 1042 531 prope
1073 476 1256 528 Daroea,
1298 474 1540 526 Pozond6n3
1581 477 1623 516 in
1654 475 1729 516 Cs-

68 543 192 584 stella
222 556 327 584 nova
359 542 452 584 hine
480 542 588 584 inde.
620 544 722 599 Aug.
755 555 787 584 ο.
818 542 905 584 flor.
940 547 982 584 et
1008 543 1057 586 fr.

815 609 977 662 Lappa.

179 680 272 720 585.
333 676 382 718 L.
413 678 551 728 mnjor
581 676 762 718 Giirtn.

180 745 240 786 Ad
269 758 417 799 sepes,
459 746 500 785 in
532 742 776 800 pinguibus,
817 742 1020 785 ruderatis
1050 742 1327 794 Cantabriae,
1359 757 1486 800 prope
1517 744 1662 786 Bilbao
1691 748 1733 786 et

69 809 182 863 alibi,
214 813 337 852 etiam
369 813 409 852 in
441 811 621 852 Navarra
652 816 693 852 et
723 813 930 866 Aragonia
959 814 1186 866 superiore.
1221 812 1347 854 Junio
1364 811 1541 853 nondum
1566 811 1730 854 florens.

730 878 1078 923 Xeranthemum.

181 948 275 989 586.
336 945 393 987 Χ.
426 948 665 995 inapercum
696 946 872 996 wind.
916 948 1042 988 Gren.
1080 946 1203 988 Godr.
1246 945 1272 987 l.
1317 959 1350 989 c.
1389 960 1427 1001 p.
1460 948 1555 989 282.
1586 965 1641 974 —
1669 946 1729 988 Pl.

71 1027 158 1055 exs.
191 1013 283 1054 coll.
315 1025 407 1054 ven.
439 1026 479 1054 n.
511 1016 604 1055 284.
665 1014 733 1064 (X.
766 1017 950 1054 erectum
979 1014 1084 1055 Prsl.
1118 1014 1255 1055 Boiss.
1288 1025 1381 1067 voy.
1415 1013 1513 1069 Eup.
1545 1028 1583 1069 p.
1615 1016 1732 1060 339.)

181 1080 229 1122 In
260 1080 408 1130 aridis,
447 1080 499 1122 ad
528 1093 717 1137 agrorum
750 1082 983 1136 margines,
1024 1083 1115 1122 vias
1152 1094 1280 1137 prope
1312 1081 1418 1123 Jsea
1454 1082 1496 1122 iu
1527 1082 1733 1138 Aragonia

71 1149 286 1204 superiore
315 1149 495 1203 copiose.
531 1149 658 1190 Junio
689 1161 722 1190 c.
755 1147 841 1190 flor.

745 1214 1024 1255 Gatananche.

184 1285 277 1325 587.
337 1283 380 1324 0.
412 1286 602 1323 coerulea
634 1281 677 1323 L.
711 1307 758 1314 —-
793 1283 852 1324 Pl.
885 1296 970 1325 exs.
1001 1282 1093 1323 coll.
1126 1296 1215 1323 ven.
1248 1297 1286 1324 n.
1321 1285 1415 1326 380.

183 1350 230 1392 ln
269 1350 454 1392 dumosis
482 1343 690 1391 Navarrae
734 1350 993 1391 australioris
1034 1350 1184 1400 (colles
1224 1351 1331 1391 inter
1359 1349 1548 1392 Monresl
1585 1354 1626 1392 et
1663 1351 1735 1392 flu-

72 1419 180 1460 vium
210 1417 350 1468 irati),
383 1418 612 1473 Aragoniao
641 1419 767 1465 (inter
797 1417 902 1459 Jaea
932 1421 973 1457 et
1001 1417 1088 1457 San
1120 1417 1230 1458 Juan
1261 1417 1312 1458 de
1343 1418 1382 1458 la
1412 1418 1547 1467 Pena,
1581 1421 1621 1460 in
1653 1419 1736 1459 val-

71 1487 181 1529 libus
211 1487 513 1541 Pyrenaeorum
546 1484 811 1526 inferioribus
842 1498 972 1540 usque
1004 1487 1145 1535 3ooo‘,
1178 1498 1305 1540 prope
1335 1485 1517 1536 nan-oca)
1549 1491 1590 1526 et
1619 1487 1735 1542 regni

72 1555 269 1596 valentini
299 1556 362 1606 (in
392 1553 500 1595 valle
528 1553 644 1594 fluvii
673 1553 901 1604 Palantia).
942 1553 1250 1610 sunio-Aug.
1282 1568 1314 1594 c.
1350 1553 1437 1594 flor.

72 1619 79 1628 “
778 1620 1028 1662 cichorium.

184 1691 277 1732 588.
340 1688 384 1729 0.
421 1687 597 1741 Inlylms
628 1688 673 1731 L.

184 1756 231 1797 In
262 1757 408 1807 cultis,
439 1757 673 1804 sterilibus,
705 1757 915 1812 argillosis
946 1757 1177 1811 Aragoniae
1208 1755 1418 1796 inferioris
1433 1784 1449 1806 ,-
1476 1767 1512 1795 v.
1546 1768 1578 1795 c.
1608 1767 1737 1810 prope

74 1825 290 1875 Carinena,
320 1838 393 1880 per
423 1828 548 1866 totam
578 1824 832 1879 Hispaniam.
865 1823 949 1864 Jul.
981 1837 1015 1863 c.
1047 1822 1136 1865 flor.

825 1890 984 1941 Tocpis.

187 1962 282 2003 589.
345 1958 394 1999 Τ.
426 1963 601 2000 barbata
631 1961 696 2001 W.
730 1960 857 2002 Gren.
887 1959 1009 2000 Godr.
1041 1958 1102 1999 Fl.
1136 1958 1201 1999 Fr.
1236 1955 1286 2000 11.
1318 1971 1355 2011 p.
1391 1958 1484 1998 287.

191 2028 236 2068 ln
268 2028 489 2084 pinguibus
519 2029 625 2069 inter
666 2027 814 2082 oppida
845 2027 1050 2068 Talavera
1081 2025 1131 2066 de
1164 2025 1202 2064 la
1235 2025 1382 2077 Reyna
1411 2027 1452 2062 et
1484 2023 1668 2075 Oropesa
1697 2022 1738 2061 in

78 2095 261 2137 Castella
290 2109 420 2144 nova,
465 2096 570 2135 inter
609 2109 709 2136 saxa
748 2096 1030 2152 granitica”in
1062 2094 1168 2134 valle
1199 2093 1311 2133 fluvii
1343 2091 1461 2133 Jerte
1491 2103 1618 2145 prope
1649 2089 1739 2130 Pla·

76 2165 217 2205 sencio
247 2165 289 2204 in
320 2162 626 2206 Extremadura.
658 2164 742 2205 Oet.
776 2177 809 2203 c.
843 2162 929 2202 flor.
963 2161 1009 2201 fr.

776 2230 1031 2282 Hedypnois.

189 2302 282 2341 590.
343 2297 400 2339 H.
430 2299 704 2350 polymorpho
737 2297 864 2338 Dec.
909 2293 954 2350 β.
992 2294 1158 2346 diffusa.
1220 2294 1370 2334 Forma
1412 2295 1556 2346 quarta
1586 2289 1738 2344 pedun-

78 2367 183 2408 culis
213 2363 600 2415 inflato-fistulosis,
632 2364 838 2404 anthedus
869 2363 1047 2417 undique
1077 2361 1425 2403 muricato-hirtis.
1459 2360 1583 2401 Gren.
1615 2357 1737 2400 Godr.

54 2434 105 2475 'l.
142 2448 175 2474 c.
216 2448 254 2488 p.
296 2435 378 2475 289
449 2432 514 2479 (Η.
557 2432 825 2474 tubaeformis
857 2431 960 2472 Ten.
1020 2431 1068 2470 Η.
1102 2430 1253 2470 cretica
1285 2424 1328 2477 β.
1362 2426 1597 2467 subaeaulis
1619 2424 1737 2466 Dec.

80 2501 219 2543 Prodr.
252 2500 340 2542 Vll.
371 2502 458 2547 81.)

191 2567 237 2608 ln
265 2569 454 2608 arenosis
484 2566 610 2607 salsis
641 2568 682 2607 in
726 2566 927 2607 valleculo
959 2565 1165 2606 Barranco
1196 2561 1337 2603 salado
1369 2563 1475 2601 inter
1508 2560 1668 2600 Gurren
1698 2562 1740 2600 et

85 2637 217 2678 Zuera
249 2640 290 2677 et
319 2636 416 2677 alibi
446 2636 487 2676 in
517 2636 724 2692 Aragonia
753 2634 951 2676 inferiore
981 2636 1022 2675 in
1053 2632 1255 2675 ruderatis
1288 2629 1596 2682 sterilibusque.
1657 2626 1741 2668 Jul.

83 2719 116 2747 ο.
146 2704 233 2746 flor.
265 2703 313 2747 fr.
856 2736 862 2740 .

780 2768 1035 2821 Lampsana.

196 2841 286 2881 591.
345 2836 395 2879 L.
427 2840 659 2878 communis
688 2837 733 2878 L.

201 2904 259 2949 Ad
276 2918 420 2963 sepes,
438 2907 479 2949 in
497 2906 702 2947 umbrosis
719 2918 846 2962 prope
862 2903 1009 2946 Bilbao
1029 2907 1070 2945 et
1085 2902 1185 2947 alibi
1202 2904 1243 2945 iu
1261 2899 1493 2944 Cantabria.
1514 2896 1633 2955 ,MaJ‘o
1650 2908 1684 2937 o.
1701 2896 1742 2938 fl.

1103 2984 1109 2990 .
1471 2975 1538 3015 ²2.
