<?xml version="1.0" encoding="UTF-8"?>
<!DOCTYPE html PUBLIC "-//W3C//DTD XHTML 1.0 Transitional//EN"
    "http://www.w3.org/TR/xhtml1/DTD/xhtml1-transitional.dtd">
<html xmlns="http://www.w3.org/1999/xhtml" xml:lang="en" lang="en">
 <head>
  <title>
</title>
<meta http-equiv="Content-Type" content="text/html;charset=utf-8" />
  <meta name='ocr-system' content='tesseract 3.04.00' />
  <meta name='ocr-capabilities' content='ocr_page ocr_carea ocr_par ocr_line ocrx_word'/>
</head>
<body>
  <div class='ocr_page' id='page_1' title='image "./sertumfloraehisp00will_0155.png"; bbox 0 0 1867 3215; ppageno 0'>
   <div class='ocr_carea' id='block_1_1' title="bbox 1607 50 1704 99">
    <p class='ocr_par' dir='ltr' id='par_1_1' title="bbox 1607 50 1704 99">
     <span class='ocr_line' id='line_1_1' title="bbox 1607 50 1704 99; baseline -0.01 0"><span class='ocrx_word' id='word_1_1' title='bbox 1607 50 1704 99; x_wconf 76' lang='lat'><strong>14¹1</strong></span> 
     </span>
    </p>
   </div>
   <div class='ocr_carea' id='block_1_2' title="bbox 28 174 1708 2933">
    <p class='ocr_par' dir='ltr' id='par_1_2' title="bbox 796 174 947 217">
     <span class='ocr_line' id='line_1_2' title="bbox 796 174 947 217; baseline 0 0"><span class='ocrx_word' id='word_1_2' title='bbox 796 174 947 217; x_wconf 72' lang='lat' dir='ltr'><strong>Pinus.</strong></span> 
     </span>
    </p>

    <p class='ocr_par' dir='ltr' id='par_1_3' title="bbox 52 239 1705 366">
     <span class='ocr_line' id='line_1_3' title="bbox 159 239 1705 298; baseline -0.003 -13"><span class='ocrx_word' id='word_1_3' title='bbox 159 244 253 285; x_wconf 85' lang='lat'><strong>969.</strong></span> <span class='ocrx_word' id='word_1_4' title='bbox 314 239 366 284; x_wconf 92' lang='grc' dir='ltr'><strong>Ρ.</strong></span> <span class='ocrx_word' id='word_1_5' title='bbox 397 240 522 283; x_wconf 77' lang='lat' dir='ltr'><strong>Abies</strong></span> <span class='ocrx_word' id='word_1_6' title='bbox 551 241 740 285; x_wconf 83' lang='lat' dir='ltr'><strong>anoi.</strong></span> <span class='ocrx_word' id='word_1_7' title='bbox 771 243 888 287; x_wconf 87' lang='lat' dir='ltr'><strong>Endl.</strong></span> <span class='ocrx_word' id='word_1_8' title='bbox 919 244 946 286; x_wconf 85' lang='lat'><strong>1.</strong></span> <span class='ocrx_word' id='word_1_9' title='bbox 974 257 1007 287; x_wconf 81' lang='lat' dir='ltr'><strong>o.</strong></span> <span class='ocrx_word' id='word_1_10' title='bbox 1039 245 1104 286; x_wconf 84' lang='lat'><strong>95.</strong></span> <span class='ocrx_word' id='word_1_11' title='bbox 1136 242 1198 292; x_wconf 89' lang='lat' dir='ltr'><strong>(P.</strong></span> <span class='ocrx_word' id='word_1_12' title='bbox 1229 242 1354 285; x_wconf 81' lang='lat' dir='ltr'><strong>Pieea</strong></span> <span class='ocrx_word' id='word_1_13' title='bbox 1381 242 1427 285; x_wconf 87' lang='lat' dir='ltr'><strong>L.</strong></span> <span class='ocrx_word' id='word_1_14' title='bbox 1455 241 1581 285; x_wconf 79' lang='lat' dir='ltr'><strong>Abies</strong></span> <span class='ocrx_word' id='word_1_15' title='bbox 1610 256 1705 298; x_wconf 83' lang='lat' dir='ltr'><strong>pec.</strong></span> 
     </span>
     <span class='ocr_line' id='line_1_4' title="bbox 52 308 359 366; baseline 0 -17"><span class='ocrx_word' id='word_1_16' title='bbox 52 310 182 350; x_wconf 82' lang='lat' dir='ltr'><strong>tinata</strong></span> <span class='ocrx_word' id='word_1_17' title='bbox 214 308 320 359; x_wconf 77' lang='lat' dir='ltr'>DC.)</span> <span class='ocrx_word' id='word_1_18' title='bbox 354 359 359 366; x_wconf 26' lang='lat'>⁸</span> 
     </span>
    </p>

    <p class='ocr_par' dir='ltr' id='par_1_4' title="bbox 52 375 1706 566">
     <span class='ocr_line' id='line_1_5' title="bbox 167 375 1706 434; baseline 0.001 -18"><span class='ocrx_word' id='word_1_19' title='bbox 167 375 213 417; x_wconf 87' lang='lat' dir='ltr'><strong>ln</strong></span> <span class='ocrx_word' id='word_1_20' title='bbox 240 377 467 429; x_wconf 83' lang='lat' dir='ltr'><strong>Pyrenaeis</strong></span> <span class='ocrx_word' id='word_1_21' title='bbox 511 377 759 420; x_wconf 72' lang='lat' dir='ltr'><strong>neutralibus</strong></span> <span class='ocrx_word' id='word_1_22' title='bbox 798 379 839 417; x_wconf 89' lang='lat' dir='ltr'><strong>in</strong></span> <span class='ocrx_word' id='word_1_23' title='bbox 876 378 1007 418; x_wconf 87' lang='lat' dir='ltr'><strong>latere</strong></span> <span class='ocrx_word' id='word_1_24' title='bbox 1051 378 1364 429; x_wconf 82' lang='lat' dir='ltr'><strong>septentrionali</strong></span> <span class='ocrx_word' id='word_1_25' title='bbox 1402 377 1585 434; x_wconf 83' lang='lat' dir='ltr'><strong>(gallico)</strong></span> <span class='ocrx_word' id='word_1_26' title='bbox 1616 379 1706 434; x_wconf 85' lang='lat' dir='ltr'><strong>jugi</strong></span> 
     </span>
     <span class='ocr_line' id='line_1_6' title="bbox 52 443 1704 498; baseline 0.001 -14"><span class='ocrx_word' id='word_1_27' title='bbox 52 444 201 485; x_wconf 87' lang='lat' dir='ltr'><strong>Puerto</strong></span> <span class='ocrx_word' id='word_1_28' title='bbox 233 443 283 484; x_wconf 92' lang='lat' dir='ltr'><strong>de</strong></span> <span class='ocrx_word' id='word_1_29' title='bbox 314 443 515 484; x_wconf 82' lang='lat' dir='ltr'><strong>Canfrane</strong></span> <span class='ocrx_word' id='word_1_30' title='bbox 546 457 673 498; x_wconf 85' lang='lat' dir='ltr'><strong>prope</strong></span> <span class='ocrx_word' id='word_1_31' title='bbox 703 445 835 486; x_wconf 87' lang='lat' dir='ltr'><strong>Venta</strong></span> <span class='ocrx_word' id='word_1_32' title='bbox 866 445 915 485; x_wconf 88' lang='lat' dir='ltr'><strong>de</strong></span> <span class='ocrx_word' id='word_1_33' title='bbox 954 444 992 485; x_wconf 88' lang='lat' dir='ltr'><strong>la</strong></span> <span class='ocrx_word' id='word_1_34' title='bbox 1032 445 1191 485; x_wconf 83' lang='lat' dir='ltr'><strong>Palleta</strong></span> <span class='ocrx_word' id='word_1_35' title='bbox 1234 445 1379 486; x_wconf 85' lang='lat' dir='ltr'><strong>silvam</strong></span> <span class='ocrx_word' id='word_1_36' title='bbox 1418 444 1619 494; x_wconf 88' lang='lat' dir='ltr'><strong>formans;</strong></span> <span class='ocrx_word' id='word_1_37' title='bbox 1663 447 1704 491; x_wconf 81' lang='lat' dir='ltr'><strong>in</strong></span> 
     </span>
     <span class='ocr_line' id='line_1_7' title="bbox 52 510 667 566; baseline 0.002 -14"><span class='ocrx_word' id='word_1_38' title='bbox 52 510 289 565; x_wconf 82' lang='lat' dir='ltr'><strong>Guipuzcoa</strong></span> <span class='ocrx_word' id='word_1_39' title='bbox 319 526 445 566; x_wconf 87' lang='lat' dir='ltr'><strong>prope</strong></span> <span class='ocrx_word' id='word_1_40' title='bbox 474 511 667 555; x_wconf 85' lang='lat' dir='ltr'><strong>Hernani.</strong></span> 
     </span>
    </p>

    <p class='ocr_par' dir='ltr' id='par_1_5' title="bbox 52 577 1702 694">
     <span class='ocr_line' id='line_1_8' title="bbox 160 577 1702 632; baseline 0.001 -12"><span class='ocrx_word' id='word_1_41' title='bbox 160 581 253 620; x_wconf 79' lang='lat'><strong>97⁰.</strong></span> <span class='ocrx_word' id='word_1_42' title='bbox 316 578 368 619; x_wconf 92' lang='lat' dir='ltr'><strong>P.</strong></span> <span class='ocrx_word' id='word_1_43' title='bbox 410 578 541 620; x_wconf 72' lang='lat' dir='ltr'><strong>Picea</strong></span> <span class='ocrx_word' id='word_1_44' title='bbox 569 578 628 620; x_wconf 90' lang='lat' dir='ltr'><strong>du</strong></span> <span class='ocrx_word' id='word_1_45' title='bbox 654 578 763 619; x_wconf 85' lang='lat' dir='ltr'><strong>Roi.</strong></span> <span class='ocrx_word' id='word_1_46' title='bbox 803 577 921 623; x_wconf 81' lang='lat' dir='ltr'><strong>Endl.</strong></span> <span class='ocrx_word' id='word_1_47' title='bbox 963 579 988 619; x_wconf 89' lang='lat' dir='ltr'><strong>l.</strong></span> <span class='ocrx_word' id='word_1_48' title='bbox 1022 592 1058 632; x_wconf 87' lang='lat' dir='ltr'><strong>p.</strong></span> <span class='ocrx_word' id='word_1_49' title='bbox 1095 583 1185 622; x_wconf 90' lang='lat'>116.</span> <span class='ocrx_word' id='word_1_50' title='bbox 1225 580 1290 630; x_wconf 82' lang='lat' dir='ltr'><strong>(P.</strong></span> <span class='ocrx_word' id='word_1_51' title='bbox 1324 580 1448 622; x_wconf 82' lang='lat' dir='ltr'><strong>Abies</strong></span> <span class='ocrx_word' id='word_1_52' title='bbox 1487 580 1532 623; x_wconf 88' lang='lat' dir='ltr'><strong>L.</strong></span> <span class='ocrx_word' id='word_1_53' title='bbox 1575 581 1702 622; x_wconf 84' lang='lat' dir='ltr'><strong>Abies</strong></span> 
     </span>
     <span class='ocr_line' id='line_1_9' title="bbox 52 645 348 694; baseline 0.003 -8"><span class='ocrx_word' id='word_1_54' title='bbox 52 646 219 687; x_wconf 81' lang='lat' dir='ltr'><strong>excelsa</strong></span> <span class='ocrx_word' id='word_1_55' title='bbox 244 645 348 694; x_wconf 78' lang='lat' dir='ltr'><strong>De.)</strong></span> 
     </span>
    </p>

    <p class='ocr_par' dir='ltr' id='par_1_6' title="bbox 28 712 1708 1172">
     <span class='ocr_line' id='line_1_10' title="bbox 167 712 1707 769; baseline 0.003 -16"><span class='ocrx_word' id='word_1_56' title='bbox 167 712 214 753; x_wconf 88' lang='lat' dir='ltr'><strong>ln</strong></span> <span class='ocrx_word' id='word_1_57' title='bbox 248 714 454 755; x_wconf 87' lang='lat' dir='ltr'><strong>montibus</strong></span> <span class='ocrx_word' id='word_1_58' title='bbox 493 713 734 755; x_wconf 86' lang='lat' dir='ltr'><strong>editioribus</strong></span> <span class='ocrx_word' id='word_1_59' title='bbox 773 715 1003 769; x_wconf 88' lang='lat' dir='ltr'><strong>Aragoniae</strong></span> <span class='ocrx_word' id='word_1_60' title='bbox 1044 715 1292 768; x_wconf 84' lang='lat' dir='ltr'><strong>superioris,</strong></span> <span class='ocrx_word' id='word_1_61' title='bbox 1329 728 1366 756; x_wconf 80' lang='lat' dir='ltr'><strong>v,</strong></span> <span class='ocrx_word' id='word_1_62' title='bbox 1405 728 1439 756; x_wconf 83' lang='lat' dir='ltr'><strong>c.</strong></span> <span class='ocrx_word' id='word_1_63' title='bbox 1483 716 1524 756; x_wconf 89' lang='lat' dir='ltr'><strong>in</strong></span> <span class='ocrx_word' id='word_1_64' title='bbox 1567 719 1707 760; x_wconf 88' lang='lat' dir='ltr'><strong>monte</strong></span> 
     </span>
     <span class='ocr_line' id='line_1_11' title="bbox 53 780 1708 837; baseline 0.002 -15"><span class='ocrx_word' id='word_1_65' title='bbox 53 782 195 822; x_wconf 85' lang='lat' dir='ltr'><strong>Sancti</strong></span> <span class='ocrx_word' id='word_1_66' title='bbox 238 781 416 822; x_wconf 81' lang='lat' dir='ltr'><strong>Joannis</strong></span> <span class='ocrx_word' id='word_1_67' title='bbox 459 782 612 833; x_wconf 83' lang='lat' dir='ltr'><strong>(raro),</strong></span> <span class='ocrx_word' id='word_1_68' title='bbox 669 786 709 822; x_wconf 89' lang='lat' dir='ltr'><strong>et</strong></span> <span class='ocrx_word' id='word_1_69' title='bbox 755 783 794 821; x_wconf 91' lang='lat' dir='ltr'><strong>in</strong></span> <span class='ocrx_word' id='word_1_70' title='bbox 838 782 952 822; x_wconf 87' lang='lat' dir='ltr'><strong>Pena</strong></span> <span class='ocrx_word' id='word_1_71' title='bbox 1001 780 1050 821; x_wconf 90' lang='lat' dir='ltr'><strong>de</strong></span> <span class='ocrx_word' id='word_1_72' title='bbox 1088 781 1207 822; x_wconf 65' lang='lat' dir='ltr'><strong>Oroel</strong></span> <span class='ocrx_word' id='word_1_73' title='bbox 1259 783 1381 832; x_wconf 88' lang='lat' dir='ltr'><strong>(satis</strong></span> <span class='ocrx_word' id='word_1_74' title='bbox 1425 785 1612 837; x_wconf 87' lang='lat' dir='ltr'><strong>copiose)</strong></span> <span class='ocrx_word' id='word_1_75' title='bbox 1657 783 1708 825; x_wconf 87' lang='lat' dir='ltr'><strong>ad</strong></span> 
     </span>
     <span class='ocr_line' id='line_1_12' title="bbox 56 848 1706 904; baseline 0.002 -15"><span class='ocrx_word' id='word_1_76' title='bbox 56 850 124 890; x_wconf 88' lang='lat' dir='ltr'><strong>alt.</strong></span> <span class='ocrx_word' id='word_1_77' title='bbox 157 848 451 892; x_wconf 77' lang='lat'>3500—48&#39;00‘</span> <span class='ocrx_word' id='word_1_78' title='bbox 460 862 473 904; x_wconf 84' lang='lat'>3</span> <span class='ocrx_word' id='word_1_79' title='bbox 505 848 684 890; x_wconf 81' lang='lat' dir='ltr'><strong>abundat</strong></span> <span class='ocrx_word' id='word_1_80' title='bbox 714 850 754 888; x_wconf 88' lang='lat' dir='ltr'><strong>in</strong></span> <span class='ocrx_word' id='word_1_81' title='bbox 784 849 912 889; x_wconf 89' lang='lat' dir='ltr'><strong>latere</strong></span> <span class='ocrx_word' id='word_1_82' title='bbox 929 849 1139 903; x_wconf 85' lang='lat' dir='ltr'><strong>hispanico</strong></span> <span class='ocrx_word' id='word_1_83' title='bbox 1156 850 1449 903; x_wconf 83' lang='lat' dir='ltr'><strong>Pyrenaeorum</strong></span> <span class='ocrx_word' id='word_1_84' title='bbox 1467 851 1706 893; x_wconf 81' lang='lat' dir='ltr'><strong>centralium</strong></span> 
     </span>
     <span class='ocr_line' id='line_1_13' title="bbox 55 915 1705 973; baseline 0.002 -16"><span class='ocrx_word' id='word_1_85' title='bbox 55 916 105 957; x_wconf 90' lang='lat' dir='ltr'><strong>ad</strong></span> <span class='ocrx_word' id='word_1_86' title='bbox 136 917 204 957; x_wconf 86' lang='lat' dir='ltr'><strong>alt.</strong></span> <span class='ocrx_word' id='word_1_87' title='bbox 237 919 462 967; x_wconf 72' lang='lat'>4—50001,</span> <span class='ocrx_word' id='word_1_88' title='bbox 492 930 527 960; x_wconf 79' lang='lat' dir='ltr'><strong>v,</strong></span> <span class='ocrx_word' id='word_1_89' title='bbox 555 931 587 958; x_wconf 85' lang='lat' dir='ltr'><strong>c.</strong></span> <span class='ocrx_word' id='word_1_90' title='bbox 621 917 661 957; x_wconf 94' lang='lat' dir='ltr'><strong>in</strong></span> <span class='ocrx_word' id='word_1_91' title='bbox 692 929 849 957; x_wconf 86' lang='lat' dir='ltr'><strong>summa</strong></span> <span class='ocrx_word' id='word_1_92' title='bbox 879 920 995 970; x_wconf 87' lang='lat' dir='ltr'><strong>parte</strong></span> <span class='ocrx_word' id='word_1_93' title='bbox 1026 916 1145 956; x_wconf 85' lang='lat' dir='ltr'><strong>vallis</strong></span> <span class='ocrx_word' id='word_1_94' title='bbox 1174 915 1288 958; x_wconf 89' lang='lat' dir='ltr'><strong>fluvii</strong></span> <span class='ocrx_word' id='word_1_95' title='bbox 1319 918 1496 973; x_wconf 84' lang='lat' dir='ltr'><strong>Aragon,</strong></span> <span class='ocrx_word' id='word_1_96' title='bbox 1526 920 1568 959; x_wconf 88' lang='lat' dir='ltr'><strong>in</strong></span> <span class='ocrx_word' id='word_1_97' title='bbox 1597 919 1705 960; x_wconf 85' lang='lat' dir='ltr'><strong>valle</strong></span> 
     </span>
     <span class='ocr_line' id='line_1_14' title="bbox 54 983 1491 1035; baseline 0.001 -12"><span class='ocrx_word' id='word_1_98' title='bbox 54 983 162 1035; x_wconf 76' lang='lat' dir='ltr'><strong>has,</strong></span> <span class='ocrx_word' id='word_1_99' title='bbox 194 986 302 1025; x_wconf 84' lang='lat' dir='ltr'><strong>circa</strong></span> <span class='ocrx_word' id='word_1_100' title='bbox 332 985 479 1026; x_wconf 87' lang='lat' dir='ltr'><strong>balnea</strong></span> <span class='ocrx_word' id='word_1_101' title='bbox 509 985 739 1025; x_wconf 83' lang='lat' dir='ltr'><strong>Pantieosa.</strong></span> <span class='ocrx_word' id='word_1_102' title='bbox 1485 1025 1491 1035; x_wconf 27' lang='grc' dir='ltr'><strong>,ν</strong></span> 
     </span>
     <span class='ocr_line' id='line_1_15' title="bbox 28 1040 1703 1108; baseline 0.001 -15"><span class='ocrx_word' id='word_1_103' title='bbox 28 1040 37 1058; x_wconf 67' lang='lat'><strong>,-</strong></span> <span class='ocrx_word' id='word_1_104' title='bbox 162 1055 256 1094; x_wconf 93' lang='grc'><strong>971.</strong></span> <span class='ocrx_word' id='word_1_105' title='bbox 318 1051 370 1092; x_wconf 90' lang='grc' dir='ltr'><strong>Ρ.</strong></span> <span class='ocrx_word' id='word_1_106' title='bbox 402 1051 608 1092; x_wconf 76' lang='lat' dir='ltr'><strong>Pinaster</strong></span> <span class='ocrx_word' id='word_1_107' title='bbox 637 1052 742 1092; x_wconf 91' lang='lat' dir='ltr'><strong>Sol.</strong></span> <span class='ocrx_word' id='word_1_108' title='bbox 776 1052 818 1091; x_wconf 89' lang='lat' dir='ltr'><strong>in</strong></span> <span class='ocrx_word' id='word_1_109' title='bbox 849 1051 926 1092; x_wconf 90' lang='lat' dir='ltr'><strong>Ait.</strong></span> <span class='ocrx_word' id='word_1_110' title='bbox 960 1051 1071 1093; x_wconf 87' lang='lat' dir='ltr'><strong>Hort.</strong></span> <span class='ocrx_word' id='word_1_111' title='bbox 1103 1050 1220 1092; x_wconf 88' lang='lat' dir='ltr'><strong>Kew.</strong></span> <span class='ocrx_word' id='word_1_112' title='bbox 1265 1076 1320 1085; x_wconf 89' lang='lat'><strong>·-—</strong></span> <span class='ocrx_word' id='word_1_113' title='bbox 1361 1051 1477 1094; x_wconf 87' lang='lat' dir='ltr'><strong>Endl.</strong></span> <span class='ocrx_word' id='word_1_114' title='bbox 1523 1053 1550 1093; x_wconf 88' lang='grc' dir='ltr'><strong>Ι.</strong></span> <span class='ocrx_word' id='word_1_115' title='bbox 1593 1066 1628 1094; x_wconf 83' lang='lat' dir='ltr'><strong>o.</strong></span> <span class='ocrx_word' id='word_1_116' title='bbox 1662 1067 1703 1108; x_wconf 87' lang='lat' dir='ltr'><strong>p.</strong></span> 
     </span>
     <span class='ocr_line' id='line_1_16' title="bbox 50 1117 932 1172; baseline -0.003 -10"><span class='ocrx_word' id='word_1_117' title='bbox 50 1122 142 1162; x_wconf 80' lang='lat'><strong>168.</strong></span> <span class='ocrx_word' id='word_1_118' title='bbox 209 1119 327 1159; x_wconf 85' lang='lat' dir='ltr'><strong>Link.</strong></span> <span class='ocrx_word' id='word_1_119' title='bbox 364 1121 403 1159; x_wconf 91' lang='lat' dir='ltr'><strong>in</strong></span> <span class='ocrx_word' id='word_1_120' title='bbox 434 1119 617 1160; x_wconf 85' lang='lat' dir='ltr'><strong>Linnaea</strong></span> <span class='ocrx_word' id='word_1_121' title='bbox 646 1117 736 1159; x_wconf 91' lang='lat' dir='ltr'><strong>XV.</strong></span> <span class='ocrx_word' id='word_1_122' title='bbox 769 1133 805 1172; x_wconf 90' lang='lat' dir='ltr'><strong>p.</strong></span> <span class='ocrx_word' id='word_1_123' title='bbox 838 1121 932 1161; x_wconf 82' lang='grc'><strong>498.</strong></span> 
     </span>
    </p>

    <p class='ocr_par' dir='ltr' id='par_1_7' title="bbox 47 1186 1707 1443">
     <span class='ocr_line' id='line_1_17' title="bbox 155 1186 1706 1244; baseline 0.001 -18"><span class='ocrx_word' id='word_1_124' title='bbox 155 1186 321 1227; x_wconf 66' lang='grc' dir='ltr'><strong>Ροῐηιειι</strong></span> <span class='ocrx_word' id='word_1_125' title='bbox 350 1187 479 1227; x_wconf 85' lang='lat' dir='ltr'><strong>silvas</strong></span> <span class='ocrx_word' id='word_1_126' title='bbox 510 1188 552 1227; x_wconf 91' lang='lat' dir='ltr'><strong>in</strong></span> <span class='ocrx_word' id='word_1_127' title='bbox 593 1188 708 1243; x_wconf 84' lang='lat' dir='ltr'><strong>jugis</strong></span> <span class='ocrx_word' id='word_1_128' title='bbox 738 1187 859 1227; x_wconf 89' lang='lat' dir='ltr'><strong>editis</strong></span> <span class='ocrx_word' id='word_1_129' title='bbox 898 1200 1025 1243; x_wconf 90' lang='lat' dir='ltr'><strong>prope</strong></span> <span class='ocrx_word' id='word_1_130' title='bbox 1055 1186 1210 1228; x_wconf 84' lang='lat' dir='ltr'><strong>Molina</strong></span> <span class='ocrx_word' id='word_1_131' title='bbox 1251 1186 1300 1227; x_wconf 91' lang='lat' dir='ltr'><strong>de</strong></span> <span class='ocrx_word' id='word_1_132' title='bbox 1338 1188 1502 1244; x_wconf 85' lang='lat' dir='ltr'><strong>Aragon</strong></span> <span class='ocrx_word' id='word_1_133' title='bbox 1542 1191 1706 1243; x_wconf 88' lang='lat' dir='ltr'><strong>septen-</strong></span> 
     </span>
     <span class='ocr_line' id='line_1_18' title="bbox 47 1253 1705 1309; baseline 0.001 -15"><span class='ocrx_word' id='word_1_134' title='bbox 47 1255 221 1295; x_wconf 89' lang='lat' dir='ltr'><strong>trionem</strong></span> <span class='ocrx_word' id='word_1_135' title='bbox 252 1267 397 1295; x_wconf 88' lang='lat' dir='ltr'><strong>versus</strong></span> <span class='ocrx_word' id='word_1_136' title='bbox 428 1255 544 1304; x_wconf 82' lang='lat' dir='ltr'><strong>sitis3</strong></span> <span class='ocrx_word' id='word_1_137' title='bbox 577 1255 752 1294; x_wconf 86' lang='lat' dir='ltr'><strong>occurrit</strong></span> <span class='ocrx_word' id='word_1_138' title='bbox 781 1253 976 1308; x_wconf 86' lang='lat' dir='ltr'><strong>frequens</strong></span> <span class='ocrx_word' id='word_1_139' title='bbox 1005 1256 1045 1295; x_wconf 88' lang='lat' dir='ltr'><strong>in</strong></span> <span class='ocrx_word' id='word_1_140' title='bbox 1077 1256 1194 1295; x_wconf 89' lang='lat' dir='ltr'><strong>silvis</strong></span> <span class='ocrx_word' id='word_1_141' title='bbox 1225 1254 1419 1295; x_wconf 88' lang='lat' dir='ltr'><strong>coniferis</strong></span> <span class='ocrx_word' id='word_1_142' title='bbox 1447 1257 1575 1309; x_wconf 88' lang='lat' dir='ltr'><strong>partis</strong></span> <span class='ocrx_word' id='word_1_143' title='bbox 1603 1257 1705 1296; x_wconf 83' lang='lat' dir='ltr'><strong>ocei-</strong></span> 
     </span>
     <span class='ocr_line' id='line_1_19' title="bbox 50 1321 1707 1377; baseline 0.001 -15"><span class='ocrx_word' id='word_1_144' title='bbox 50 1321 227 1363; x_wconf 88' lang='lat' dir='ltr'><strong>dentalis</strong></span> <span class='ocrx_word' id='word_1_145' title='bbox 258 1323 478 1363; x_wconf 86' lang='lat' dir='ltr'><strong>Serraniae</strong></span> <span class='ocrx_word' id='word_1_146' title='bbox 506 1321 556 1362; x_wconf 90' lang='lat' dir='ltr'><strong>de</strong></span> <span class='ocrx_word' id='word_1_147' title='bbox 588 1322 750 1362; x_wconf 85' lang='lat' dir='ltr'><strong>Cuenca</strong></span> <span class='ocrx_word' id='word_1_148' title='bbox 781 1326 903 1376; x_wconf 86' lang='lat' dir='ltr'><strong>atque</strong></span> <span class='ocrx_word' id='word_1_149' title='bbox 934 1324 975 1362; x_wconf 87' lang='lat' dir='ltr'><strong>in</strong></span> <span class='ocrx_word' id='word_1_150' title='bbox 1006 1322 1125 1362; x_wconf 88' lang='lat' dir='ltr'><strong>silvis</strong></span> <span class='ocrx_word' id='word_1_151' title='bbox 1157 1324 1363 1377; x_wconf 86' lang='lat' dir='ltr'><strong>quercinis</strong></span> <span class='ocrx_word' id='word_1_152' title='bbox 1386 1322 1707 1364; x_wconf 84' lang='lat' dir='ltr'><strong>Extremadurae</strong></span> 
     </span>
     <span class='ocr_line' id='line_1_20' title="bbox 47 1388 1466 1443; baseline -0.001 -13"><span class='ocrx_word' id='word_1_153' title='bbox 47 1391 274 1443; x_wconf 90' lang='lat' dir='ltr'><strong>superioris</strong></span> <span class='ocrx_word' id='word_1_154' title='bbox 304 1391 410 1429; x_wconf 87' lang='lat' dir='ltr'><strong>inter</strong></span> <span class='ocrx_word' id='word_1_155' title='bbox 442 1390 481 1429; x_wconf 89' lang='lat' dir='ltr'><strong>el</strong></span> <span class='ocrx_word' id='word_1_156' title='bbox 511 1388 625 1429; x_wconf 88' lang='lat' dir='ltr'><strong>Toril</strong></span> <span class='ocrx_word' id='word_1_157' title='bbox 655 1393 695 1428; x_wconf 90' lang='lat' dir='ltr'><strong>et</strong></span> <span class='ocrx_word' id='word_1_158' title='bbox 722 1388 980 1443; x_wconf 85' lang='lat' dir='ltr'><strong>Malpartida.</strong></span> <span class='ocrx_word' id='word_1_159' title='bbox 1042 1390 1126 1432; x_wconf 86' lang='lat' dir='ltr'><strong>Oct.</strong></span> <span class='ocrx_word' id='word_1_160' title='bbox 1158 1404 1190 1431; x_wconf 84' lang='lat' dir='ltr'><strong>e.</strong></span> <span class='ocrx_word' id='word_1_161' title='bbox 1223 1389 1340 1431; x_wconf 82' lang='lat' dir='ltr'><strong>fruct.</strong></span> <span class='ocrx_word' id='word_1_162' title='bbox 1372 1394 1466 1430; x_wconf 86' lang='lat' dir='ltr'><strong>mat.</strong></span> 
     </span>
    </p>

    <p class='ocr_par' dir='ltr' id='par_1_8' title="bbox 46 1455 1705 1580">
     <span class='ocr_line' id='line_1_21' title="bbox 158 1455 1705 1513; baseline 0.001 -16"><span class='ocrx_word' id='word_1_163' title='bbox 158 1457 250 1499; x_wconf 78' lang='lat' dir='ltr'><strong>obs.</strong></span> <span class='ocrx_word' id='word_1_164' title='bbox 311 1457 541 1512; x_wconf 85' lang='lat' dir='ltr'><strong>Longitudo</strong></span> <span class='ocrx_word' id='word_1_165' title='bbox 573 1455 761 1497; x_wconf 88' lang='lat' dir='ltr'><strong>foliorum</strong></span> <span class='ocrx_word' id='word_1_166' title='bbox 794 1456 910 1496; x_wconf 85' lang='lat' dir='ltr'><strong>valde</strong></span> <span class='ocrx_word' id='word_1_167' title='bbox 943 1457 1167 1498; x_wconf 86' lang='lat' dir='ltr'><strong>variabilis.</strong></span> <span class='ocrx_word' id='word_1_168' title='bbox 1201 1457 1405 1499; x_wconf 88' lang='lat' dir='ltr'><strong>Strobilos</strong></span> <span class='ocrx_word' id='word_1_169' title='bbox 1431 1471 1596 1513; x_wconf 88' lang='lat' dir='ltr'><strong>semper</strong></span> <span class='ocrx_word' id='word_1_170' title='bbox 1622 1458 1705 1499; x_wconf 87' lang='lat' dir='ltr'><strong>vidi</strong></span> 
     </span>
     <span class='ocr_line' id='line_1_22' title="bbox 46 1525 891 1580; baseline -0.001 -13"><span class='ocrx_word' id='word_1_171' title='bbox 46 1529 156 1567; x_wconf 84' lang='lat'><strong>4—5</strong></span> <span class='ocrx_word' id='word_1_172' title='bbox 186 1525 281 1580; x_wconf 90' lang='lat' dir='ltr'><strong>poll.</strong></span> <span class='ocrx_word' id='word_1_173' title='bbox 314 1538 399 1580; x_wconf 88' lang='lat' dir='ltr'><strong>par.</strong></span> <span class='ocrx_word' id='word_1_174' title='bbox 432 1525 578 1579; x_wconf 85' lang='lat' dir='ltr'><strong>longos</strong></span> <span class='ocrx_word' id='word_1_175' title='bbox 611 1525 891 1567; x_wconf 80' lang='lat' dir='ltr'><strong>verticillatos.</strong></span> 
     </span>
    </p>

    <p class='ocr_par' dir='ltr' id='par_1_9' title="bbox 44 1590 1702 1703">
     <span class='ocr_line' id='line_1_23' title="bbox 156 1590 1702 1648; baseline -0.001 -13"><span class='ocrx_word' id='word_1_176' title='bbox 156 1596 251 1635; x_wconf 81' lang='grc'><strong>972.</strong></span> <span class='ocrx_word' id='word_1_177' title='bbox 285 1591 334 1632; x_wconf 90' lang='grc' dir='ltr'><strong>Ρ.</strong></span> <span class='ocrx_word' id='word_1_178' title='bbox 368 1594 596 1632; x_wconf 77' lang='lat' dir='ltr'><strong>silvestsris</strong></span> <span class='ocrx_word' id='word_1_179' title='bbox 626 1590 670 1631; x_wconf 91' lang='lat' dir='ltr'><strong>L.</strong></span> <span class='ocrx_word' id='word_1_180' title='bbox 703 1605 742 1633; x_wconf 83' lang='grc' dir='ltr'><strong>α.</strong></span> <span class='ocrx_word' id='word_1_181' title='bbox 774 1594 1004 1632; x_wconf 77' lang='lat' dir='ltr'><strong>communis</strong></span> <span class='ocrx_word' id='word_1_182' title='bbox 1040 1591 1182 1634; x_wconf 86' lang='lat' dir='ltr'><strong>Endl.</strong></span> <span class='ocrx_word' id='word_1_183' title='bbox 1226 1593 1252 1634; x_wconf 92' lang='lat' dir='ltr'><strong>l.</strong></span> <span class='ocrx_word' id='word_1_184' title='bbox 1285 1608 1318 1634; x_wconf 88' lang='lat' dir='ltr'><strong>e.</strong></span> <span class='ocrx_word' id='word_1_185' title='bbox 1355 1608 1393 1648; x_wconf 89' lang='lat' dir='ltr'><strong>p.</strong></span> <span class='ocrx_word' id='word_1_186' title='bbox 1441 1596 1532 1635; x_wconf 84' lang='grc'><strong>172.</strong></span> <span class='ocrx_word' id='word_1_187' title='bbox 1573 1592 1702 1634; x_wconf 81' lang='lat' dir='ltr'><strong>Rchb.</strong></span> 
     </span>
     <span class='ocr_line' id='line_1_24' title="bbox 44 1659 440 1703; baseline 0 -2"><span class='ocrx_word' id='word_1_188' title='bbox 44 1660 100 1702; x_wconf 82' lang='lat' dir='ltr'><strong>lc.</strong></span> <span class='ocrx_word' id='word_1_189' title='bbox 132 1661 158 1703; x_wconf 87' lang='lat' dir='ltr'><strong>l.</strong></span> <span class='ocrx_word' id='word_1_190' title='bbox 191 1675 224 1701; x_wconf 87' lang='lat' dir='ltr'><strong>c.</strong></span> <span class='ocrx_word' id='word_1_191' title='bbox 257 1659 284 1701; x_wconf 82' lang='lat' dir='ltr'><strong>f.</strong></span> <span class='ocrx_word' id='word_1_192' title='bbox 319 1663 440 1703; x_wconf 81' lang='lat'><strong>1127.</strong></span> 
     </span>
    </p>

    <p class='ocr_par' dir='ltr' id='par_1_10' title="bbox 43 1722 1707 2052">
     <span class='ocr_line' id='line_1_25' title="bbox 158 1722 1706 1784; baseline 0.001 -16"><span class='ocrx_word' id='word_1_193' title='bbox 158 1727 204 1768; x_wconf 82' lang='lat' dir='ltr'><strong>In</strong></span> <span class='ocrx_word' id='word_1_194' title='bbox 234 1722 442 1769; x_wconf 85' lang='lat' dir='ltr'><strong>montibus</strong></span> <span class='ocrx_word' id='word_1_195' title='bbox 477 1726 526 1767; x_wconf 84' lang='lat' dir='ltr'><strong>ad</strong></span> <span class='ocrx_word' id='word_1_196' title='bbox 560 1727 727 1768; x_wconf 89' lang='lat' dir='ltr'><strong>fluvium</strong></span> <span class='ocrx_word' id='word_1_197' title='bbox 758 1729 865 1784; x_wconf 86' lang='lat' dir='ltr'><strong>Arga</strong></span> <span class='ocrx_word' id='word_1_198' title='bbox 898 1741 1026 1783; x_wconf 86' lang='lat' dir='ltr'><strong>prope</strong></span> <span class='ocrx_word' id='word_1_199' title='bbox 1059 1728 1185 1768; x_wconf 87' lang='lat' dir='ltr'><strong>Olave</strong></span> <span class='ocrx_word' id='word_1_200' title='bbox 1226 1731 1268 1768; x_wconf 92' lang='lat' dir='ltr'><strong>et</strong></span> <span class='ocrx_word' id='word_1_201' title='bbox 1306 1728 1404 1768; x_wconf 87' lang='lat' dir='ltr'><strong>alibi</strong></span> <span class='ocrx_word' id='word_1_202' title='bbox 1442 1729 1484 1768; x_wconf 89' lang='lat' dir='ltr'><strong>in</strong></span> <span class='ocrx_word' id='word_1_203' title='bbox 1523 1727 1706 1770; x_wconf 78' lang='lat' dir='ltr'><strong>Navarra</strong></span> 
     </span>
     <span class='ocr_line' id='line_1_26' title="bbox 49 1794 1703 1851; baseline 0.001 -15"><span class='ocrx_word' id='word_1_204' title='bbox 49 1796 364 1850; x_wconf 82' lang='lat' dir='ltr'><strong>septentrionali</strong></span> <span class='ocrx_word' id='word_1_205' title='bbox 394 1796 437 1835; x_wconf 90' lang='lat' dir='ltr'><strong>in</strong></span> <span class='ocrx_word' id='word_1_206' title='bbox 466 1794 640 1835; x_wconf 87' lang='lat' dir='ltr'><strong>vallibus</strong></span> <span class='ocrx_word' id='word_1_207' title='bbox 671 1796 975 1849; x_wconf 88' lang='lat' dir='ltr'><strong>Pyrenaeorum</strong></span> <span class='ocrx_word' id='word_1_208' title='bbox 1009 1796 1240 1851; x_wconf 85' lang='lat' dir='ltr'><strong>Aragoniae</strong></span> <span class='ocrx_word' id='word_1_209' title='bbox 1270 1794 1535 1836; x_wconf 89' lang='lat' dir='ltr'><strong>inferioribus</strong></span> <span class='ocrx_word' id='word_1_210' title='bbox 1563 1796 1614 1836; x_wconf 83' lang='lat' dir='ltr'><strong>ad</strong></span> <span class='ocrx_word' id='word_1_211' title='bbox 1634 1797 1703 1837; x_wconf 81' lang='lat' dir='ltr'><strong>alt.</strong></span> 
     </span>
     <span class='ocr_line' id='line_1_27' title="bbox 54 1861 1707 1917; baseline -0.001 -11"><span class='ocrx_word' id='word_1_212' title='bbox 54 1865 363 1912; x_wconf 78' lang='lat'>2500-3000‘‚</span> <span class='ocrx_word' id='word_1_213' title='bbox 394 1875 431 1902; x_wconf 91' lang='lat' dir='ltr'><strong>v.</strong></span> <span class='ocrx_word' id='word_1_214' title='bbox 464 1876 497 1902; x_wconf 81' lang='lat' dir='ltr'><strong>c.</strong></span> <span class='ocrx_word' id='word_1_215' title='bbox 529 1861 580 1902; x_wconf 88' lang='lat' dir='ltr'><strong>ad</strong></span> <span class='ocrx_word' id='word_1_216' title='bbox 609 1862 704 1904; x_wconf 77' lang='lat' dir='ltr'><strong>fluv,</strong></span> <span class='ocrx_word' id='word_1_217' title='bbox 738 1861 912 1917; x_wconf 74' lang='lat' dir='ltr'><strong>Gallego</strong></span> <span class='ocrx_word' id='word_1_218' title='bbox 943 1863 1050 1902; x_wconf 85' lang='lat' dir='ltr'><strong>infra</strong></span> <span class='ocrx_word' id='word_1_219' title='bbox 1078 1863 1238 1917; x_wconf 83' lang='lat' dir='ltr'><strong>Puey03</strong></span> <span class='ocrx_word' id='word_1_220' title='bbox 1276 1863 1455 1904; x_wconf 84' lang='lat' dir='ltr'><strong>abundat</strong></span> <span class='ocrx_word' id='word_1_221' title='bbox 1493 1864 1534 1903; x_wconf 87' lang='lat' dir='ltr'><strong>in</strong></span> <span class='ocrx_word' id='word_1_222' title='bbox 1564 1864 1707 1905; x_wconf 85' lang='lat' dir='ltr'><strong>Sierra</strong></span> 
     </span>
     <span class='ocr_line' id='line_1_28' title="bbox 45 1930 1705 1986; baseline 0.001 -14"><span class='ocrx_word' id='word_1_223' title='bbox 45 1931 96 1972; x_wconf 92' lang='lat' dir='ltr'><strong>de</strong></span> <span class='ocrx_word' id='word_1_224' title='bbox 128 1931 420 1980; x_wconf 82' lang='lat' dir='ltr'><strong>Guadarrama,</strong></span> <span class='ocrx_word' id='word_1_225' title='bbox 452 1930 671 1985; x_wconf 83' lang='lat' dir='ltr'><strong>praecipue</strong></span> <span class='ocrx_word' id='word_1_226' title='bbox 702 1932 742 1970; x_wconf 93' lang='lat' dir='ltr'><strong>in</strong></span> <span class='ocrx_word' id='word_1_227' title='bbox 775 1932 905 1971; x_wconf 86' lang='lat' dir='ltr'><strong>latere</strong></span> <span class='ocrx_word' id='word_1_228' title='bbox 936 1933 1264 1986; x_wconf 79' lang='lat' dir='ltr'><strong>septentrionali,</strong></span> <span class='ocrx_word' id='word_1_229' title='bbox 1296 1932 1365 1972; x_wconf 88' lang='lat' dir='ltr'><strong>ubi</strong></span> <span class='ocrx_word' id='word_1_230' title='bbox 1394 1931 1446 1972; x_wconf 83' lang='lat' dir='ltr'><strong>ad</strong></span> <span class='ocrx_word' id='word_1_231' title='bbox 1474 1932 1544 1972; x_wconf 83' lang='lat' dir='ltr'><strong>alt.</strong></span> <span class='ocrx_word' id='word_1_232' title='bbox 1577 1933 1705 1974; x_wconf 84' lang='lat'>3500‘</span> 
     </span>
     <span class='ocr_line' id='line_1_29' title="bbox 43 1998 1257 2052; baseline -0.002 -11"><span class='ocrx_word' id='word_1_233' title='bbox 43 2001 227 2043; x_wconf 80' lang='lat'><strong>-6500‘</strong></span> <span class='ocrx_word' id='word_1_234' title='bbox 259 2000 387 2039; x_wconf 90' lang='lat' dir='ltr'><strong>silvas</strong></span> <span class='ocrx_word' id='word_1_235' title='bbox 420 2002 615 2038; x_wconf 83' lang='lat' dir='ltr'><strong>extensas</strong></span> <span class='ocrx_word' id='word_1_236' title='bbox 647 2000 871 2039; x_wconf 83' lang='lat' dir='ltr'><strong>constituit.</strong></span> <span class='ocrx_word' id='word_1_237' title='bbox 931 1999 1045 2052; x_wconf 87' lang='lat' dir='ltr'><strong>Sept.</strong></span> <span class='ocrx_word' id='word_1_238' title='bbox 1077 2012 1108 2041; x_wconf 86' lang='lat' dir='ltr'><strong>c.</strong></span> <span class='ocrx_word' id='word_1_239' title='bbox 1141 1998 1257 2039; x_wconf 81' lang='lat' dir='ltr'><strong>fruct.</strong></span> 
     </span>
    </p>

    <p class='ocr_par' dir='ltr' id='par_1_11' title="bbox 155 2065 1707 2120">
     <span class='ocr_line' id='line_1_30' title="bbox 155 2065 1707 2120; baseline -0.002 -11"><span class='ocrx_word' id='word_1_240' title='bbox 155 2070 247 2109; x_wconf 84' lang='grc'><strong>973.</strong></span> <span class='ocrx_word' id='word_1_241' title='bbox 308 2065 360 2109; x_wconf 88' lang='lat' dir='ltr'><strong>P.</strong></span> <span class='ocrx_word' id='word_1_242' title='bbox 375 2065 548 2106; x_wconf 59' lang='lat' dir='ltr'><strong>lauricio</strong></span> <span class='ocrx_word' id='word_1_243' title='bbox 565 2082 604 2106; x_wconf 83' lang='grc' dir='ltr'><strong>α.</strong></span> <span class='ocrx_word' id='word_1_244' title='bbox 623 2065 877 2106; x_wconf 78' lang='lat' dir='ltr'><strong>Poireticma</strong></span> <span class='ocrx_word' id='word_1_245' title='bbox 904 2065 1044 2106; x_wconf 86' lang='lat' dir='ltr'><strong>Endl.</strong></span> <span class='ocrx_word' id='word_1_246' title='bbox 1061 2066 1084 2105; x_wconf 89' lang='lat' dir='ltr'><strong>l.</strong></span> <span class='ocrx_word' id='word_1_247' title='bbox 1101 2080 1184 2120; x_wconf 57' lang='lat' dir='ltr'><strong>ap.</strong></span> <span class='ocrx_word' id='word_1_248' title='bbox 1201 2068 1292 2108; x_wconf 82' lang='grc'><strong>178.</strong></span> <span class='ocrx_word' id='word_1_249' title='bbox 1328 2065 1562 2117; x_wconf 76' lang='lat' dir='ltr'><strong>(P.Laricio</strong></span> <span class='ocrx_word' id='word_1_250' title='bbox 1577 2066 1707 2114; x_wconf 89' lang='lat' dir='ltr'><strong>Poir.)</strong></span> 
     </span>
    </p>

    <p class='ocr_par' dir='ltr' id='par_1_12' title="bbox 45 2133 1706 2325">
     <span class='ocr_line' id='line_1_31' title="bbox 160 2133 1706 2189; baseline -0.001 -14"><span class='ocrx_word' id='word_1_251' title='bbox 160 2134 349 2175; x_wconf 83' lang='lat' dir='ltr'><strong>Abundat</strong></span> <span class='ocrx_word' id='word_1_252' title='bbox 378 2135 421 2174; x_wconf 87' lang='lat' dir='ltr'><strong>in</strong></span> <span class='ocrx_word' id='word_1_253' title='bbox 448 2134 646 2175; x_wconf 83' lang='lat' dir='ltr'><strong>Serrania</strong></span> <span class='ocrx_word' id='word_1_254' title='bbox 675 2134 726 2174; x_wconf 90' lang='lat' dir='ltr'><strong>de</strong></span> <span class='ocrx_word' id='word_1_255' title='bbox 744 2134 920 2181; x_wconf 83' lang='lat' dir='ltr'><strong>Cuenea,</strong></span> <span class='ocrx_word' id='word_1_256' title='bbox 953 2134 992 2172; x_wconf 92' lang='lat' dir='ltr'><strong>in</strong></span> <span class='ocrx_word' id='word_1_257' title='bbox 1024 2135 1140 2189; x_wconf 88' lang='lat' dir='ltr'><strong>cujus</strong></span> <span class='ocrx_word' id='word_1_258' title='bbox 1170 2138 1286 2188; x_wconf 85' lang='lat' dir='ltr'><strong>parte</strong></span> <span class='ocrx_word' id='word_1_259' title='bbox 1317 2133 1562 2175; x_wconf 87' lang='lat' dir='ltr'><strong>occidentali</strong></span> <span class='ocrx_word' id='word_1_260' title='bbox 1576 2133 1706 2173; x_wconf 84' lang='lat' dir='ltr'><strong>silvas</strong></span> 
     </span>
     <span class='ocr_line' id='line_1_32' title="bbox 47 2199 1705 2251; baseline -0.001 -8"><span class='ocrx_word' id='word_1_261' title='bbox 47 2206 243 2244; x_wconf 85' lang='lat' dir='ltr'><strong>extensas</strong></span> <span class='ocrx_word' id='word_1_262' title='bbox 274 2201 442 2251; x_wconf 83' lang='lat' dir='ltr'><strong>format3</strong></span> <span class='ocrx_word' id='word_1_263' title='bbox 475 2203 650 2243; x_wconf 85' lang='lat' dir='ltr'><strong>occurrit</strong></span> <span class='ocrx_word' id='word_1_264' title='bbox 681 2203 803 2242; x_wconf 88' lang='lat' dir='ltr'><strong>etiam</strong></span> <span class='ocrx_word' id='word_1_265' title='bbox 835 2204 876 2241; x_wconf 88' lang='lat' dir='ltr'><strong>in</strong></span> <span class='ocrx_word' id='word_1_266' title='bbox 908 2201 1109 2241; x_wconf 85' lang='lat' dir='ltr'><strong>sabinetis</strong></span> <span class='ocrx_word' id='word_1_267' title='bbox 1138 2203 1244 2242; x_wconf 86' lang='lat' dir='ltr'><strong>inter</strong></span> <span class='ocrx_word' id='word_1_268' title='bbox 1272 2199 1491 2242; x_wconf 74' lang='lat' dir='ltr'><strong>Pozondon</strong></span> <span class='ocrx_word' id='word_1_269' title='bbox 1522 2205 1563 2242; x_wconf 86' lang='lat' dir='ltr'><strong>et</strong></span> <span class='ocrx_word' id='word_1_270' title='bbox 1579 2200 1705 2242; x_wconf 79' lang='lat' dir='ltr'><strong>Gelda</strong></span> 
     </span>
     <span class='ocr_line' id='line_1_33' title="bbox 45 2267 1168 2325; baseline -0.001 -15"><span class='ocrx_word' id='word_1_271' title='bbox 45 2273 168 2325; x_wconf 86' lang='lat' dir='ltr'><strong>atque</strong></span> <span class='ocrx_word' id='word_1_272' title='bbox 198 2270 240 2309; x_wconf 86' lang='lat' dir='ltr'><strong>in</strong></span> <span class='ocrx_word' id='word_1_273' title='bbox 266 2270 379 2324; x_wconf 85' lang='lat' dir='ltr'><strong>jugis</strong></span> <span class='ocrx_word' id='word_1_274' title='bbox 409 2268 530 2309; x_wconf 90' lang='lat' dir='ltr'><strong>editis</strong></span> <span class='ocrx_word' id='word_1_275' title='bbox 562 2271 668 2310; x_wconf 88' lang='lat' dir='ltr'><strong>inter</strong></span> <span class='ocrx_word' id='word_1_276' title='bbox 699 2269 851 2310; x_wconf 71' lang='lat' dir='ltr'><strong>Teruel</strong></span> <span class='ocrx_word' id='word_1_277' title='bbox 883 2273 923 2308; x_wconf 91' lang='lat' dir='ltr'><strong>et</strong></span> <span class='ocrx_word' id='word_1_278' title='bbox 954 2267 1168 2309; x_wconf 76' lang='lat' dir='ltr'><strong>Barraeas.</strong></span> 
     </span>
    </p>

    <p class='ocr_par' dir='ltr' id='par_1_13' title="bbox 161 2334 1245 2391">
     <span class='ocr_line' id='line_1_34' title="bbox 161 2334 1245 2391; baseline -0.003 -12"><span class='ocrx_word' id='word_1_279' title='bbox 161 2338 253 2379; x_wconf 83' lang='grc'><strong>974.</strong></span> <span class='ocrx_word' id='word_1_280' title='bbox 317 2334 370 2375; x_wconf 90' lang='grc' dir='ltr'><strong>Ρ.</strong></span> <span class='ocrx_word' id='word_1_281' title='bbox 400 2339 631 2388; x_wconf 73' lang='lat' dir='ltr'><strong>pyrenaica</strong></span> <span class='ocrx_word' id='word_1_282' title='bbox 659 2336 775 2390; x_wconf 83' lang='lat' dir='ltr'><strong>Lap.</strong></span> <span class='ocrx_word' id='word_1_283' title='bbox 805 2335 923 2376; x_wconf 88' lang='lat' dir='ltr'><strong>Endl.</strong></span> <span class='ocrx_word' id='word_1_284' title='bbox 956 2336 982 2376; x_wconf 92' lang='lat' dir='ltr'><strong>l.</strong></span> <span class='ocrx_word' id='word_1_285' title='bbox 1015 2350 1048 2377; x_wconf 83' lang='lat' dir='ltr'><strong>o.</strong></span> <span class='ocrx_word' id='word_1_286' title='bbox 1080 2351 1118 2391; x_wconf 88' lang='lat' dir='ltr'><strong>p.</strong></span> <span class='ocrx_word' id='word_1_287' title='bbox 1156 2339 1245 2379; x_wconf 82' lang='lat'><strong>180.</strong></span> 
     </span>
    </p>

    <p class='ocr_par' dir='ltr' id='par_1_14' title="bbox 48 2403 1705 2661">
     <span class='ocr_line' id='line_1_35' title="bbox 158 2403 1705 2459; baseline 0.001 -16"><span class='ocrx_word' id='word_1_288' title='bbox 158 2404 205 2444; x_wconf 89' lang='lat' dir='ltr'><strong>ln</strong></span> <span class='ocrx_word' id='word_1_289' title='bbox 237 2407 374 2443; x_wconf 90' lang='lat' dir='ltr'><strong>monte</strong></span> <span class='ocrx_word' id='word_1_290' title='bbox 403 2404 517 2444; x_wconf 86' lang='lat' dir='ltr'><strong>Pena</strong></span> <span class='ocrx_word' id='word_1_291' title='bbox 547 2404 596 2444; x_wconf 89' lang='lat' dir='ltr'><strong>de</strong></span> <span class='ocrx_word' id='word_1_292' title='bbox 634 2405 754 2445; x_wconf 72' lang='lat' dir='ltr'><strong>Oroffl</strong></span> <span class='ocrx_word' id='word_1_293' title='bbox 797 2408 837 2444; x_wconf 89' lang='lat' dir='ltr'><strong>et</strong></span> <span class='ocrx_word' id='word_1_294' title='bbox 869 2405 1012 2444; x_wconf 88' lang='lat' dir='ltr'><strong>Sancti</strong></span> <span class='ocrx_word' id='word_1_295' title='bbox 1052 2404 1229 2445; x_wconf 84' lang='lat' dir='ltr'><strong>Joannis</strong></span> <span class='ocrx_word' id='word_1_296' title='bbox 1268 2417 1397 2459; x_wconf 88' lang='lat' dir='ltr'><strong>prope</strong></span> <span class='ocrx_word' id='word_1_297' title='bbox 1433 2403 1537 2445; x_wconf 84' lang='lat' dir='ltr'><strong>Jaca</strong></span> <span class='ocrx_word' id='word_1_298' title='bbox 1575 2404 1705 2445; x_wconf 85' lang='lat' dir='ltr'><strong>silvas</strong></span> 
     </span>
     <span class='ocr_line' id='line_1_36' title="bbox 48 2470 1703 2526; baseline 0 -14"><span class='ocrx_word' id='word_1_299' title='bbox 48 2472 153 2512; x_wconf 85' lang='lat' dir='ltr'><strong>satis</strong></span> <span class='ocrx_word' id='word_1_300' title='bbox 183 2484 356 2526; x_wconf 86' lang='lat' dir='ltr'><strong>magnas</strong></span> <span class='ocrx_word' id='word_1_301' title='bbox 385 2470 436 2511; x_wconf 88' lang='lat' dir='ltr'><strong>ad</strong></span> <span class='ocrx_word' id='word_1_302' title='bbox 467 2471 536 2514; x_wconf 82' lang='lat' dir='ltr'><strong>alt.</strong></span> <span class='ocrx_word' id='word_1_303' title='bbox 568 2472 777 2514; x_wconf 80' lang='lat'>3—-5000‘</span> <span class='ocrx_word' id='word_1_304' title='bbox 807 2471 1011 2521; x_wconf 82' lang='lat' dir='ltr'><strong>formans3</strong></span> <span class='ocrx_word' id='word_1_305' title='bbox 1059 2473 1233 2512; x_wconf 87' lang='lat' dir='ltr'><strong>occurrit</strong></span> <span class='ocrx_word' id='word_1_306' title='bbox 1263 2474 1386 2512; x_wconf 88' lang='lat' dir='ltr'><strong>etiam</strong></span> <span class='ocrx_word' id='word_1_307' title='bbox 1416 2473 1459 2512; x_wconf 89' lang='lat' dir='ltr'><strong>in</strong></span> <span class='ocrx_word' id='word_1_308' title='bbox 1489 2471 1703 2525; x_wconf 76' lang='lat' dir='ltr'><strong>Pyrenaeis</strong></span> 
     </span>
     <span class='ocr_line' id='line_1_37' title="bbox 50 2537 1704 2593; baseline 0.001 -13"><span class='ocrx_word' id='word_1_309' title='bbox 50 2539 283 2593; x_wconf 86' lang='lat' dir='ltr'><strong>Aragoniae</strong></span> <span class='ocrx_word' id='word_1_310' title='bbox 313 2537 364 2578; x_wconf 91' lang='lat' dir='ltr'><strong>ad</strong></span> <span class='ocrx_word' id='word_1_311' title='bbox 394 2539 463 2578; x_wconf 81' lang='lat' dir='ltr'><strong>alt.</strong></span> <span class='ocrx_word' id='word_1_312' title='bbox 496 2541 789 2582; x_wconf 79' lang='lat'>3000-5000‘</span> <span class='ocrx_word' id='word_1_313' title='bbox 821 2543 942 2593; x_wconf 87' lang='lat' dir='ltr'><strong>atque</strong></span> <span class='ocrx_word' id='word_1_314' title='bbox 971 2541 1013 2579; x_wconf 90' lang='lat' dir='ltr'><strong>in</strong></span> <span class='ocrx_word' id='word_1_315' title='bbox 1053 2540 1171 2579; x_wconf 88' lang='lat' dir='ltr'><strong>silvis</strong></span> <span class='ocrx_word' id='word_1_316' title='bbox 1201 2539 1423 2581; x_wconf 88' lang='lat' dir='ltr'><strong>Serraniae</strong></span> <span class='ocrx_word' id='word_1_317' title='bbox 1459 2539 1510 2580; x_wconf 89' lang='lat' dir='ltr'><strong>de</strong></span> <span class='ocrx_word' id='word_1_318' title='bbox 1528 2539 1704 2581; x_wconf 84' lang='lat' dir='ltr'><strong>Guenca.</strong></span> 
     </span>
     <span class='ocr_line' id='line_1_38' title="bbox 50 2604 1278 2661; baseline 0 -14"><span class='ocrx_word' id='word_1_319' title='bbox 50 2605 163 2647; x_wconf 82' lang='lat' dir='ltr'><strong>Julio</strong></span> <span class='ocrx_word' id='word_1_320' title='bbox 198 2619 230 2645; x_wconf 85' lang='lat' dir='ltr'><strong>c.</strong></span> <span class='ocrx_word' id='word_1_321' title='bbox 262 2604 379 2646; x_wconf 83' lang='lat' dir='ltr'><strong>fruct.</strong></span> <span class='ocrx_word' id='word_1_322' title='bbox 407 2607 580 2661; x_wconf 76' lang='lat' dir='ltr'><strong>juvenil.</strong></span> <span class='ocrx_word' id='word_1_323' title='bbox 1272 2621 1278 2624; x_wconf 77' lang='grc'>·</span> 
     </span>
    </p>

    <p class='ocr_par' dir='ltr' id='par_1_15' title="bbox 159 2671 1673 2724">
     <span class='ocr_line' id='line_1_39' title="bbox 159 2671 1673 2724; baseline 0.002 -10"><span class='ocrx_word' id='word_1_324' title='bbox 159 2676 254 2715; x_wconf 86' lang='grc'><strong>975.</strong></span> <span class='ocrx_word' id='word_1_325' title='bbox 314 2671 365 2713; x_wconf 92' lang='grc' dir='ltr'><strong>Ρ.</strong></span> <span class='ocrx_word' id='word_1_326' title='bbox 398 2674 636 2724; x_wconf 73' lang='lat' dir='ltr'><strong>halepensis</strong></span> <span class='ocrx_word' id='word_1_327' title='bbox 665 2672 788 2714; x_wconf 83' lang='lat' dir='ltr'><strong>Mill.</strong></span> <span class='ocrx_word' id='word_1_328' title='bbox 819 2672 936 2714; x_wconf 83' lang='lat' dir='ltr'><strong>Endl.</strong></span> <span class='ocrx_word' id='word_1_329' title='bbox 969 2675 995 2717; x_wconf 86' lang='lat' dir='ltr'><strong>l.</strong></span> <span class='ocrx_word' id='word_1_330' title='bbox 1027 2688 1059 2714; x_wconf 88' lang='lat' dir='ltr'><strong>c.</strong></span> <span class='ocrx_word' id='word_1_331' title='bbox 1093 2674 1222 2716; x_wconf 86' lang='lat' dir='ltr'><strong>Rchb.</strong></span> <span class='ocrx_word' id='word_1_332' title='bbox 1263 2674 1319 2715; x_wconf 85' lang='lat' dir='ltr'><strong>Ic.</strong></span> <span class='ocrx_word' id='word_1_333' title='bbox 1352 2675 1378 2715; x_wconf 88' lang='lat' dir='ltr'><strong>l.</strong></span> <span class='ocrx_word' id='word_1_334' title='bbox 1424 2689 1457 2716; x_wconf 86' lang='lat' dir='ltr'><strong>c.</strong></span> <span class='ocrx_word' id='word_1_335' title='bbox 1491 2673 1518 2715; x_wconf 85' lang='lat' dir='ltr'><strong>f.</strong></span> <span class='ocrx_word' id='word_1_336' title='bbox 1553 2677 1673 2717; x_wconf 78' lang='lat'><strong>1133.</strong></span> 
     </span>
    </p>

    <p class='ocr_par' dir='ltr' id='par_1_16' title="bbox 156 2740 1702 2798">
     <span class='ocr_line' id='line_1_40' title="bbox 156 2740 1702 2798; baseline 0.003 -18"><span class='ocrx_word' id='word_1_337' title='bbox 156 2740 323 2781; x_wconf 87' lang='lat' dir='ltr'><strong>Format</strong></span> <span class='ocrx_word' id='word_1_338' title='bbox 339 2741 482 2780; x_wconf 88' lang='lat' dir='ltr'><strong>silvam</strong></span> <span class='ocrx_word' id='word_1_339' title='bbox 496 2741 536 2781; x_wconf 88' lang='lat' dir='ltr'><strong>la</strong></span> <span class='ocrx_word' id='word_1_340' title='bbox 547 2740 711 2781; x_wconf 84' lang='lat' dir='ltr'><strong>Dehesa</strong></span> <span class='ocrx_word' id='word_1_341' title='bbox 727 2741 876 2781; x_wconf 81' lang='lat' dir='ltr'><strong>dictam</strong></span> <span class='ocrx_word' id='word_1_342' title='bbox 895 2740 945 2782; x_wconf 89' lang='lat' dir='ltr'><strong>ad</strong></span> <span class='ocrx_word' id='word_1_343' title='bbox 965 2742 1097 2782; x_wconf 86' lang='lat' dir='ltr'><strong>lacum</strong></span> <span class='ocrx_word' id='word_1_344' title='bbox 1110 2742 1302 2784; x_wconf 84' lang='lat' dir='ltr'><strong>Albufera</strong></span> <span class='ocrx_word' id='word_1_345' title='bbox 1318 2756 1446 2798; x_wconf 85' lang='lat' dir='ltr'><strong>prope</strong></span> <span class='ocrx_word' id='word_1_346' title='bbox 1457 2743 1702 2784; x_wconf 87' lang='lat' dir='ltr'><strong>Valentiam.</strong></span> 
     </span>
    </p>

    <p class='ocr_par' dir='ltr' id='par_1_17' title="bbox 154 2806 1702 2867">
     <span class='ocr_line' id='line_1_41' title="bbox 154 2806 1702 2867; baseline 0 -17"><span class='ocrx_word' id='word_1_347' title='bbox 154 2811 249 2850; x_wconf 88' lang='grc'><strong>976.</strong></span> <span class='ocrx_word' id='word_1_348' title='bbox 310 2806 361 2848; x_wconf 88' lang='grc' dir='ltr'><strong>Ρ.</strong></span> <span class='ocrx_word' id='word_1_349' title='bbox 380 2806 517 2848; x_wconf 82' lang='lat' dir='ltr'><strong>Pinea</strong></span> <span class='ocrx_word' id='word_1_350' title='bbox 534 2809 577 2849; x_wconf 91' lang='lat' dir='ltr'><strong>L.</strong></span> <span class='ocrx_word' id='word_1_351' title='bbox 606 2808 722 2849; x_wconf 85' lang='lat' dir='ltr'><strong>Endl.</strong></span> <span class='ocrx_word' id='word_1_352' title='bbox 753 2809 777 2849; x_wconf 91' lang='lat' dir='ltr'><strong>l.</strong></span> <span class='ocrx_word' id='word_1_353' title='bbox 800 2823 832 2849; x_wconf 84' lang='lat' dir='ltr'><strong>c.</strong></span> <span class='ocrx_word' id='word_1_354' title='bbox 853 2823 890 2863; x_wconf 89' lang='lat' dir='ltr'><strong>p.</strong></span> <span class='ocrx_word' id='word_1_355' title='bbox 912 2812 1002 2851; x_wconf 81' lang='lat'><strong>182.</strong></span> <span class='ocrx_word' id='word_1_356' title='bbox 1036 2811 1131 2851; x_wconf 86' lang='lat' dir='ltr'><strong>Var.</strong></span> <span class='ocrx_word' id='word_1_357' title='bbox 1157 2812 1342 2852; x_wconf 87' lang='lat' dir='ltr'><strong>strobilis</strong></span> <span class='ocrx_word' id='word_1_358' title='bbox 1358 2811 1702 2867; x_wconf 83' lang='lat' dir='ltr'><strong>ovato-oblongis.</strong></span> 
     </span>
    </p>

    <p class='ocr_par' dir='ltr' id='par_1_18' title="bbox 163 2874 1706 2933">
     <span class='ocr_line' id='line_1_42' title="bbox 163 2874 1706 2933; baseline 0.001 -16"><span class='ocrx_word' id='word_1_359' title='bbox 163 2875 209 2924; x_wconf 81' lang='lat' dir='ltr'><strong>In</strong></span> <span class='ocrx_word' id='word_1_360' title='bbox 241 2874 423 2917; x_wconf 79' lang='lat' dir='ltr'><strong>Castella</strong></span> <span class='ocrx_word' id='word_1_361' title='bbox 451 2889 560 2918; x_wconf 88' lang='lat' dir='ltr'><strong>nova</strong></span> <span class='ocrx_word' id='word_1_362' title='bbox 591 2876 834 2922; x_wconf 82' lang='lat' dir='ltr'><strong>occidentali</strong></span> <span class='ocrx_word' id='word_1_363' title='bbox 865 2878 970 2923; x_wconf 85' lang='lat' dir='ltr'><strong>inter</strong></span> <span class='ocrx_word' id='word_1_364' title='bbox 1003 2880 1205 2922; x_wconf 80' lang='lat' dir='ltr'><strong>Talavera</strong></span> <span class='ocrx_word' id='word_1_365' title='bbox 1234 2879 1284 2921; x_wconf 88' lang='lat' dir='ltr'><strong>de</strong></span> <span class='ocrx_word' id='word_1_366' title='bbox 1314 2880 1354 2921; x_wconf 92' lang='lat' dir='ltr'><strong>la</strong></span> <span class='ocrx_word' id='word_1_367' title='bbox 1369 2880 1518 2933; x_wconf 81' lang='lat' dir='ltr'><strong>Reyna</strong></span> <span class='ocrx_word' id='word_1_368' title='bbox 1543 2882 1583 2928; x_wconf 80' lang='lat' dir='ltr'><strong>et</strong></span> <span class='ocrx_word' id='word_1_369' title='bbox 1610 2881 1706 2926; x_wconf 74' lang='lat' dir='ltr'><strong>Oro-</strong></span> 
     </span>
    </p>
   </div>
   <div class='ocr_carea' id='block_1_3' title="bbox 1397 2956 1471 3000">
    <p class='ocr_par' dir='ltr' id='par_1_19' title="bbox 1397 2956 1471 3000">
     <span class='ocr_line' id='line_1_43' title="bbox 1397 2956 1471 3000; baseline 0 0"><span class='ocrx_word' id='word_1_370' title='bbox 1397 2956 1471 3000; x_wconf 62' lang='grc'><strong>19*</strong></span> 
     </span>
    </p>
   </div>
  </div>
 </body>
</html>
