1867 3215
147 72 244 129 ,146

259 202 354 242 965.
411 196 456 239 J.
488 196 648 237 Sabina
664 196 709 236 1..
741 210 781 236 α.
812 199 997 246 vulqaris
1025 198 1167 240 Endl.
1201 201 1227 240 Ι.
1251 214 1284 241 c.
1317 214 1353 255 p.
1386 205 1452 242 22.
1482 198 1611 241 Rcbb.
1636 199 1692 241 Ic.
1710 200 1738 241 Ι.
1754 213 1785 241 c.

145 267 172 308 f.
204 271 323 309 1143.
357 288 409 295 -
438 264 499 305 ΡΙ.
531 277 615 304 exs.
649 265 743 305 coll.
777 278 867 305 ven.
899 278 938 305 n.
970 269 1062 308 466.

261 331 448 374 Abundat
477 333 517 371 in
556 332 669 387 jugis
708 331 828 372 editis
870 333 977 373 circa
1006 332 1160 374 Pardos
1190 348 1316 388 prope
1354 333 1511 375 Molina
1547 333 1598 374 de
1626 333 1789 389 Aragon

146 406 268 454 atque
298 401 404 440 inter
434 399 589 439 Setiles
619 403 660 439 et
690 398 923 451 Pozondlm,
958 402 1079 442 etiam
1111 404 1150 441 in
1181 403 1351 456 planitie
1392 401 1474 441 alta
1503 403 1610 441 circa
1639 413 1787 456 pagum
1824 429 1828 431 >

142 465 343 508 Barracas
382 468 423 507 in
463 479 591 522 regno
631 467 838 507 valentino
880 469 1212 519 septentrionali,
1255 469 1304 509 ad
1344 469 1409 509 alt.
1451 469 1787 518 3500—42oo‘,

142 537 349 588 caespites
389 534 626 588 plerumque
666 547 855 575 enormes
896 535 1090 575 rotundos
1141 535 1654 590 depresso-pyramidatos
1698 535 1787 576 Pini

142 602 383 643 Pumilionis
412 602 542 640 instar
571 600 762 642 formans.
793 603 895 657 Aug.
928 616 962 641 c.
995 602 1108 645 fruct.
1140 608 1233 645 mat.

251 672 344 711 966.
403 666 448 709 J.
481 671 718 708 sabinoides
749 669 957 709 Griseb.
988 669 1105 710 Endl.
1138 671 1163 713 Ι.
1196 685 1227 711 c.
1261 684 1298 723 p.
1331 673 1396 712 23.
1429 669 1490 718 (J.
1524 667 1720 711 thurifera
1738 667 1784 710 [ι.

139 737 180 778 J.
213 735 425 790 hispanica
454 736 556 776 Mill.
590 737 629 777 J.
662 737 866 777 turbinata
897 738 1037 790 Guss)

252 803 363 844 Inter
379 802 594 844 Pozondon
625 808 666 844 et
695 804 820 844 Gelda
850 806 890 843 in
909 806 1111 859 Aragonia
1137 806 1306 845 australi
1324 805 1372 845 ad
1389 806 1459 845 alt.
1477 806 1783 855 3500—4000‘,

140 871 209 911 ubi
238 871 383 910 silvam
414 875 624 911 extensam
655 872 867 912 arboribus
884 873 974 912 Pini
1001 872 1227 912 Laricionis
1258 879 1300 914 et
1329 873 1566 928 caespitibus
1595 873 1784 926 Juniperi

140 939 321 979 Sabinae
350 940 623 980 intermixtam
655 939 812 979 format.
843 942 944 994 Aug.
977 954 1008 979 c.
1042 940 1158 980 fruct.
1191 945 1283 980 mat.

253 1005 345 1047 obs.
387 1007 515 1047 Arbor
545 1021 659 1060 saepe
692 1007 856 1047 excelsa
887 1008 1263 1061 (30—40-pedalis)
1292 1013 1433 1049 trunco
1464 1008 1662 1049 interdum
1680 1011 1788 1050 3-4

140 1073 230 1128 ped.
264 1087 348 1128 par.
381 1087 520 1114 crasso
551 1087 701 1114 corona
731 1074 1001 1129 subglobosa‚
1033 1076 1172 1116 habitu
1203 1076 1242 1116 J.
1262 1077 1456 1128 Sabinae,
1489 1090 1606 1130 quarn
1633 1076 1683 1116 ob
1700 1089 1785 1116 rem

141 1141 246 1182 hanc
283 1143 462 1196 speciem
494 1143 535 1182 in
567 1143 714 1182 itinere
746 1155 833 1182 cum
870 1143 1128 1196 praecedente
1166 1146 1422 1184 commutavi.
1489 1144 1642 1184 Eodem
1678 1157 1785 1184 anno

146 1223 171 1249 a
202 1210 250 1249 cl.
284 1209 562 1265 Bourgeau
593 1211 633 1249 in
664 1222 791 1264 regno
822 1212 999 1250 murcico
1029 1216 1192 1264 reperta
1222 1216 1297 1252 est.
1343 1211 1424 1260 (Cf.
1457 1211 1660 1251 Cosson
1690 1211 1781 1252 Not.

142 1275 215 1316 ΙΙΙ.
251 1279 371 1318 1851.
403 1290 441 1330 p.
476 1277 585 1329 129.)
642 1277 735 1317 Jam
768 1277 817 1316 cl.
851 1277 1062 1318 Bowles
1089 1278 1201 1329 ⁵hanc
1231 1281 1426 1332 speciem,
1462 1292 1580 1333 quam
1613 1279 1783 1320 Cedrum

141 1343 388 1390 denominat,
421 1348 723 1392 commemorat,
752 1358 843 1384 nam
875 1347 914 1384 in
946 1344 1244 1385 introductione
1274 1346 1324 1386 ad
1360 1345 1650 1403 geographiam
1685 1346 1783 1401 phy-

137 1412 262 1451 sicam
294 1411 520 1463 Hispaniae
550 1410 646 1450 dicit
687 1417 740 1464 (p.
783 1415 863 1452 223
903 1414 1106 1452 versionis
1147 1414 1361 1468 gallicae):
1417 1415 1555 1464 „Tout
1593 1427 1641 1454 ce
1677 1428 1780 1467 pays

136 1479 305 1532 (nempe
344 1491 438 1533 pars
470 1478 690 1518 Serraniae
726 1479 776 1519 de
807 1479 969 1519 Cuenca
1013 1481 1348 1532 septentrionalis
1388 1495 1514 1535 prope
1552 1482 1782 1537 PeraleJos)

130 1545 295 1601 Jusque'
329 1544 352 1584 a
382 1546 422 1585 la
452 1543 651 1586 veritable
682 1560 826 1586 source
857 1546 908 1587 du
940 1547 1056 1602 Tage
1093 1546 1221 1587 forme
1261 1562 1340 1588 une
1380 1549 1518 1601 plaine
1557 1547 1700 1589 elevee
1739 1553 1780 1589 et

135 1627 190 1654 un
218 1626 298 1667 peu
328 1610 492 1668 inegale
506 1643 635 1653 ......
667 1614 839 1667 remplie
869 1613 918 1653 de
949 1614 1125 1668 grandes
1156 1614 1311 1663 cedres,
1343 1616 1409 1668 qui
1441 1615 1678 1667 produisent
1705 1615 1778 1656 des

134 1680 283 1733 bayes,
327 1692 483 1720 comme
514 1679 553 1719 le
583 1678 799 1734 genevrier
835 1680 885 1720 de
925 1681 963 1720 la
1003 1680 1157 1736 grande
1196 1680 1345 1734 espece
1384 1682 1440 1728 (J.
1483 1682 1779 1735 Oxycedrus).“

134 1747 236 1788 Item
267 1748 316 1788 cl.
350 1747 670 1788 Cavanilles
701 1748 740 1786 in
772 1747 1047 1800 descriptione
1078 1750 1194 1803 regni
1227 1749 1423 1788 valentini
1452 1753 1546 1789 tom.
1578 1748 1629 1790 11.
1662 1765 1700 1803 p.
1724 1753 1774 1792 71

135 1820 287 1864 narrat,
319 1815 485 1855 Sabinae
518 1814 686 1854 arbores
716 1828 905 1854 enormes
936 1816 976 1854 in
1009 1816 1212 1855 montibus
1242 1818 1479 1870 asperrimis
1510 1818 1616 1857 inter
1631 1830 1780 1872 pagum

133 1883 253 1939 regni
283 1883 480 1923 valentini
512 1884 613 1923 Aras
644 1882 695 1922 de
726 1882 929 1934 Alpuente
959 1886 1000 1921 et
1039 1882 1231 1922 ditionem
1274 1884 1493 1924 Serraniae
1531 1883 1582 1924 de
1616 1883 1779 1924 Guenca

137 1951 327 1991 orientali
359 1952 591 2006 contiguam
623 1947 778 1989 Rincon
810 1948 860 1988 de
890 1948 1066 1989 Ademnz
1103 1949 1249 1989 dictam
1293 1963 1490 1991 crescere.
1561 1950 1687 2000 Quam
1727 1951 1777 1991 ob

134 2030 218 2058 rem
249 2019 363 2072 regio
394 2017 466 2057 illa
496 2016 606 2057 edita
636 2017 676 2056 in
708 2013 898 2055 confiniis
919 2015 1124 2056 Castellae
1153 2029 1297 2065 novae,
1330 2017 1560 2072 Aragoniae
1589 2022 1630 2057 et
1659 2020 1776 2073 regni

135 2085 333 2125 valentini
365 2085 445 2124 sita
475 2088 516 2123 et
543 2085 656 2138 jugis
686 2083 806 2122 elatis
837 2083 1123 2136 montibusque
1154 2083 1372 2123 Serraniae
1402 2084 1452 2124 de
1470 2083 1633 2124 Cuenca
1662 2098 1777 2125 occu-

135 2156 231 2206 pata
260 2165 358 2192 vera
386 2151 429 2193 J.
459 2153 687 2191 sabinoidis
718 2152 849 2204 patria
888 2151 929 2190 in
968 2150 1185 2204 peninsula
1224 2150 1383 2204 quidem
1424 2152 1646 2204 pyrenaica
1684 2165 1779 2192 esse

133 2219 304 2260 videtur.

244 2289 336 2328 967.
397 2285 441 2327 J.
472 2287 697 2336 phoenicea
725 2283 769 2324 L.
805 2299 843 2325 α.
879 2286 1142 2334 sclerocarpa
1171 2283 1313 2325 Endl.
1347 2286 1372 2325 l.
1404 2299 1435 2327 c.
1481 2299 1519 2339 p.
1549 2288 1614 2327 3⁰.
1648 2285 1775 2327 Rcbb.

133 2352 188 2394 Ie.
218 2354 244 2394 1.
287 2368 319 2394 c.
353 2353 379 2395 f.
415 2357 533 2394 1144.
568 2375 617 2381 -
649 2352 707 2393 ΡΙ.
738 2364 823 2390 exs.
856 2350 947 2390 coll.
979 2363 1070 2390 ven.
1103 2363 1140 2391 n.
1172 2353 1263 2391 531.

248 2421 347 2460 Hab.
378 2420 571 2474 frequens
602 2421 640 2458 in
673 2420 823 2471 pinetis
841 2418 1062 2458 Serraniae
1092 2416 1140 2456 de
1158 2416 1321 2458 Cuenca
1351 2418 1630 2470 occidentalis,
1661 2434 1776 2474 saepe

136 2488 427 2537 arborescens;
459 2489 498 2527 in
531 2488 670 2527 Sierra
699 2484 748 2524 de
781 2483 905 2524 Chiva
934 2485 1051 2539 regni
1091 2483 1287 2524 valentini
1327 2489 1448 2540 atque
1492 2487 1532 2526 in
1571 2487 1775 2529 montibus

134 2555 241 2594 inter
271 2553 398 2594 Chiva
428 2559 468 2594 et
497 2553 695 2606 Requena
725 2552 868 2590 rarius.
929 2552 1028 2606 Aug.
1063 2564 1094 2589 c.
1127 2549 1241 2590 fruct.
1274 2557 1369 2592 mat.

247 2619 338 2663 obs.
397 2620 509 2661 Haec
537 2622 699 2674 species
728 2619 879 2670 pariter
910 2630 957 2657 ac
988 2617 1236 2670 praecedens
1281 2623 1321 2659 et
1361 2619 1400 2660 J.
1443 2619 1597 2660 Sabina
1633 2621 1772 2667 (etiam

133 2687 173 2730 J0
205 2687 384 2742 oopbora
412 2688 529 2734 Kze.)
558 2701 583 2728 a
610 2686 804 2739 Hispanis
835 2685 957 2739 vulgo
988 2685 1201 2735 ‚,Sabina“
1232 2686 1473 2740 appellatur.

828 2752 1072 2802 Cupresaus.

246 2824 339 2864 968.
398 2820 441 2861 0.
472 2820 691 2873 sastiyiaca
722 2818 812 2859 DC.
845 2818 962 2859 Endl.
994 2820 1016 2859 Ι.
1036 2833 1068 2859 c.
1102 2833 1139 2873 p.
1167 2821 1233 2861 57.
1264 2818 1643 2871 (Caempervirem
1658 2815 1771 2868 aas..)

245 2886 401 2930 Colitur
429 2900 501 2942 per
532 2891 656 2927 totam
687 2885 939 2940 Hispaniam.
