1867 3215
154 76 255 129 156

267 212 385 251 1043.
447 204 494 248 L.
524 200 954 257 pediformis'Desv.
985 206 1112 248 Rchb.
1149 205 1203 248 lc.
1221 207 1246 247 1.
1267 220 1299 246 c.
1332 203 1357 245 f.
1374 205 1457 245 sm
1486 203 1553 248 (ic.
1574 202 1792 256 optimusl)

150 276 209 318 Pl.
241 289 325 315 exs.
357 274 448 317 coll.
479 287 568 314 ven.
604 287 641 316 n.
672 277 766 316 358.

260 341 305 380 ln
337 341 671 396 PyrenAragon.
702 342 744 380 in
775 342 978 396 glareosis
1006 342 1218 396 graniticis
1250 351 1374 393 supra
1403 337 1550 378 balnea
1578 337 1798 378 Ponticum

151 407 202 449 ad
231 408 300 449 alt.
332 409 468 450 55001.
497 408 622 449 Junio
653 421 686 448 c.
721 407 760 448 fl.

811 485 1165 538 Cyperaceae.

872 551 1071 605 Cyperm.

265 623 384 662 1044.
444 618 486 660 0.
519 620 666 659 badius
695 619 835 662 Desf.
864 620 993 662 Rchb.
1025 620 1079 662 Ic.
1109 618 1219 661 vm.
1252 618 1279 659 f.
1311 621 1392 661 673
1422 620 1490 669 (ic.
1509 617 1795 672 optimus!)-

149 687 207 729 ΡΙ.
241 701 327 730 exS.
359 687 449 730 coll.
480 701 570 727 ven.
603 701 641 727 n.
674 691 767 729 220.

263 754 308 795 ln
349 756 478 810 pratis
517 755 735 810 uliginosis
775 769 903 810 prope
947 757 989 796 S.
1029 754 1211 796 Esteban
1251 756 1291 794 in
1332 753 1486 794 Baztan
1531 754 1572 793 in
1602 751 1803 808 Navarra.-

151 821 277 863 Junio
309 836 341 862 c.
375 821 462 862 flor.

266 893 382 932 1045.
444 888 489 933 C.
515 891 746 940 flavescens
775 889 820 930 L.
852 889 977 930 Rchb.
1012 890 1074 930 Jc.
1113 890 1137 930 Ι.
1171 903 1203 930 c.
1244 887 1270 927 f.
1302 889 1383 928 662
1421 890 1462 927 et
1497 889 1591 929 663.
1639 909 1688 915 —-
1733 884 1793 926 Pl.

150 970 234 1000 exs.
265 957 356 998 coll.
389 970 478 1000 ven.
509 971 546 997 n.
580 960 673 999 543.

266 1023 312 1063 ln
343 1026 530 1064 arenosis
561 1023 735 1064 humidis
764 1037 891 1079 prope
921 1037 1069 1080 pagum
1101 1023 1259 1064 Chozas
1288 1022 1338 1062 ad
1369 1022 1527 1063 radices
1552 1022 1717 1063 Sierrae
1746 1020 1796 1062 de

150 1090 428 1131 Guadarrama
457 1093 498 1131 in
530 1092 712 1132 Castella
740 1105 846 1131 nova
875 1093 1055 1145 copiose.
1116 1091 1229 1145 Sept.
1263 1105 1295 1130 c.
1328 1089 1367 1130 fl.

832 1158 1117 1198 Heleocharis.

267 1228 385 1267 1046.
446 1224 504 1265 H.
522 1225 918 1279 uniqlumz'sRchb.
947 1225 1001 1266 Ic.
1037 1224 1265 1269 1.c.f.’703.
1299 1248 1351 1254 —
1381 1223 1438 1264 Pl.
1469 1236 1554 1264 exs.
1582 1223 1673 1264 coll.
1705 1235 1797 1264 ven.

154 1305 192 1333 n.
225 1296 317 1334 242.
352 1293 502 1347 (Scirp.
534 1294 659 1349 unigl.
691 1293 785 1346 Lk.)

265 1360 311 1400 In
343 1362 530 1401 arenosis
562 1360 738 1402 humidis
768 1360 817 1402 ad
846 1362 958 1414 ripas
990 1360 1101 1400 fluvii
1119 1361 1225 1416 Arga
1249 1371 1375 1414 prope
1393 1358 1518 1399 Olave
1547 1359 1588 1398 in
1604 1356 1796 1398 Navarra.

150 1427 276 1469 Junio
307 1441 338 1468 c.
369 1427 408 1471 fl.

270 1498 387 1537 1047.
448 1494 505 1537 H.
532 1497 737 1545 palustris
766 1491 957 1534 Lestib.
991 1493 1119 1535 Rchb.
1151 1492 1205 1533 lc.
1237 1495 1262 1534 Ι.
1297 1508 1328 1535 c.
1348 1493 1372 1534 f.
1405 1497 1496 1535 704.
1529 1515 1581 1521 —
1622 1491 1679 1534 Pl.
1709 1504 1795 1532 exs.

154 1563 242 1604 coll.
275 1576 365 1607 ven.
396 1576 435 1603 n.
465 1565 559 1604 247.

262 1630 309 1670 ln
341 1630 465 1671 fossis
494 1642 736 1683 pascuorum
768 1643 895 1684 prope
926 1629 1149 1684 Pamplona
1178 1628 1354 1682 copiose.
1387 1626 1513 1667 Junio
1543 1640 1576 1668 c.
1605 1625 1691 1666 flor.

876 1696 1066 1746 scirpus.

268 1767 388 1806 1048.
450 1762 519 1805 Sc.
550 1766 750 1805 lacustris
778 1764 822 1805 L.
856 1764 985 1805 Rchb.
1016 1764 1070 1804 lc.
1103 1764 1128 1802 Ι.
1161 1777 1193 1803 c.
1224 1761 1252 1801 f.
1284 1763 1377 1803 722.
1411 1785 1459 1792 —
1500 1761 1559 1802 Pl.
1591 1774 1677 1801 exs.
1709 1760 1799 1802 coll.

152 1845 242 1873 ven.
276 1846 314 1872 n.
349 1836 442 1873 241.

269 1899 325 1940 Ad
358 1900 520 1939 fluvium
554 1900 662 1955 Arga
690 1912 817 1954 prope
848 1900 972 1939 Olave
1003 1900 1042 1938 in
1073 1898 1265 1939 Navarra.
1325 1896 1450 1937 Junio
1481 1910 1513 1936 c.
1546 1895 1631 1935 flor.

273 1970 389 2008 1049.
451 1965 519 2008 Sc.
549 1969 784 2006 maritimus
812 1965 856 2006 1..
887 1961 930 2017 β.
963 1970 1201 2015 compactus
1233 1963 1383 2004 Koch.
1425 1962 1553 2005 Rchb.
1605 1961 1659 2002 Ic.
1706 1964 1730 2003 Ι.
1765 1975 1799 2004 c.

157 2035 182 2075 f.
213 2039 297 2077 727
326 2033 370 2087 β.
405 2060 457 2066 -
486 2035 543 2075 ΡΙ.
575 2049 658 2075 exs.
691 2034 782 2074 coll.
815 2046 903 2073 ven.
937 2047 973 2072 n.
1008 2036 1059 2074 53
1090 2037 1130 2072 et
1160 2035 1252 2073 504.

266 2102 312 2142 In
344 2101 554 2156 paludosis
585 2103 626 2141 in
658 2102 763 2141 valle
792 2100 943 2154 Loyola
978 2113 1104 2154 prope
1135 2100 1176 2139 S.
1210 2098 1430 2139 Sebastiam
1468 2096 1518 2137 ad
1557 2098 1710 2146 rivum3
1756 2098 1796 2136 in

157 2169 373 2225 paludibus
403 2170 527 2209 salsis
557 2170 662 2209 inter
695 2169 848 2223 Alagon
880 2173 921 2208 et
952 2168 1073 2222 Borja
1103 2168 1141 2206 in
1173 2166 1397 2221 Aragonia;
1441 2166 1481 2204 in
1513 2163 1719 2204 inundatis
1748 2161 1798 2203 ad

157 2239 287 2278 lacum
319 2235 512 2278 Alhufera
541 2241 663 2292 atque
693 2237 733 2276 in
766 2235 891 2275 fossis
922 2238 1175 2288 oryzetorum
1211 2247 1335 2287 prope
1365 2233 1573 2273 Valencia.
1631 2230 1798 2287 Μῄο-

159 2306 259 2359 Aug.
293 2318 325 2345 c.
363 2303 446 2344 ssor.

449 2388 451 2391 -
855 2358 1082 2398 Schoenus.

270 2430 388 2468 1050.
447 2425 544 2466 Sch.
576 2427 786 2475 myricam
816 2425 860 2466 L.
895 2425 1019 2465 Rchb.
1064 2423 1115 2466 lc.
1148 2423 1172 2462 Ι.
1206 2436 1238 2462 c..
1272 2422 1297 2463 f.
1342 2424 1460 2464 1674.
1510 2445 1564 2453 --
1607 2421 1668 2461 ΡΙ.
1710 2433 1794 2461 exs.

158 2494 247 2534 coll.
281 2507 371 2533 ven.
404 2507 440 2533 n.
473 2497 566 2534 202.

276 2560 321 2600 ln
352 2562 539 2600 arenosis
570 2559 744 2600 humidis
769 2562 885 2614 juxta
916 2559 1126 2599 castellum
1157 2559 1195 2598 la
1211 2558 1322 2598 Mota
1349 2569 1475 2610 prope
1505 2556 1547 2595 S.
1565 2554 1800 2603 Sebasfisn,

160 2628 201 2666 in
232 2631 368 2667 monte
398 2629 584 2668 arenario
614 2627 738 2667 Loma
767 2627 818 2666 de
847 2626 1078 2679 Jsizquivel
1120 2639 1246 2680 prope
1276 2626 1386 2665 Yrun
1427 2624 1605 2677 copiose.
1676 2620 1802 2676 Mnjo,

154 2694 250 2735 Jun.
282 2708 314 2734 c.
347 2694 431 2736 flor.

899 2759 1055 2799 Coreoe.

274 2832 392 2870 1051.
454 2828 499 2869 G.
535 2829 683 2868 neaera·
712 2827 853 2867 Retz.
887 2826 1014 2866 Rchb.
1055 2825 1109 2867 lc.
1140 2824 1214 2867 l.c.
1234 2824 1258 2864 f.
1291 2829 1384 2867 652.
1417 2847 1467 2854 —-
1500 2823 1558 2863 ΡΙ.
1591 2835 1677 2863 en.
1707 2819 1800 2877 coll·

160 2909 247 2937 ven.
279 2911 314 2936 n.
346 2899 439 2937 348.
