1867 3215
134 65 228 112 1⁶ss

841 190 1064 232 osmundo.

251 261 368 299 1126.
429 256 474 297 0.
507 259 662 312 reqalis
690 256 734 300 L.
765 282 818 288 —
849 257 910 298 Pl.
942 271 1028 297 exs.
1060 258 1148 297 coll.
1180 269 1270 297 ven.
1300 268 1339 295 n.
1373 257 1464 297 583.

246 324 289 364 ln
322 324 539 380 uliginosis
571 328 851 378 quercetorum
882 325 988 365 inter
1018 324 1199 366 Zornosa
1231 327 1272 362 et
1302 322 1495 377 Durango
1525 323 1566 362 in
1596 321 1775 376 Vizcaya

134 392 312 446 copiose.
344 390 454 446 Majo
484 404 514 431 c.
534 390 651 432 fruct.

797 458 1102 510 Hepaticae.

241 529 360 568 1127.
421 524 683 578 Lophocolea
723 528 933 566 bidencaca
962 526 1009 566 N.
1048 526 1107 566 ab
1136 526 1180 570 Ε,

244 593 356 633 lnter
372 606 536 633 muscos
553 595 593 633 in
612 595 816 634 montibus
833 593 1074 634 cantabricis
1091 606 1215 646 prope
1232 592 1354 632 Yrun.
1373 588 1482 641 Maio
1495 589 1648 644 absque
1659 589 1775 631 fruct.

243 663 361 704 1128.
421 660 726 714 Chiloscyphus
759 663 1008 714 polyanthos
1038 660 1218 700 Corda.
1251 682 1303 688 -
1343 658 1402 698 Pl.
1436 670 1520 697 exs.
1561 657 1653 697 coll.
1684 670 1775 697 ven.

131 743 170 771 n.
202 732 294 772 593.

239 796 284 837 In
315 797 458 838 rivulis
489 795 666 847 limpidis
703 796 852 850 alpinis
882 796 1033 835 montis
1063 796 1203 836 Sierra
1232 793 1282 833 de
1314 791 1590 832 Guadarrama
1621 790 1672 831 ad
1708 791 1776 834 alt.

133 867 354 907 5—6000‘.
387 865 499 918 Sept.
532 863 687 918 absque
718 862 834 903 fruct.

241 936 359 976 1129.
419 932 651 980 Metzyeria
679 931 852 981 furcata
882 929 928 971 Ν.
950 928 1000 969 ab
1025 929 1069 969 E.
1103 951 1155 959 —-
1184 929 1241 969 Pl.
1275 941 1358 968 exs.
1392 927 1482 967 coll.
1519 938 1608 967 ven.
1628 938 1664 966 n.
1683 927 1775 967 584.

250 999 295 1039 In
327 1001 482 1040 truncis
512 999 697 1038 arborum
728 997 1048 1054 grandaevarum
1077 1010 1203 1052 prope
1224 997 1347 1038 Yrun.
1380 994 1489 1051 Majo
1517 1007 1550 1034 c.
1581 991 1780 1049 perianth‚

245 1070 364 1109 1130.
424 1065 561 1106 Pellia
589 1067 793 1117 epiphylla
824 1064 1003 1105 Raddi.

246 1135 303 1176 Ad
333 1147 470 1175 muros
500 1133 716 1174 umbrosos
749 1131 936 1173 humidos
967 1145 1093 1186 prope
1121 1130 1265 1171 Bilbao
1295 1134 1337 1170 et
1366 1128 1464 1170 alibi
1493 1130 1534 1169 in
1551 1126 1777 1170 Cantabria.

132 1203 242 1260 Majo
273 1202 430 1256 absque
459 1200 576 1241 fruct.

246 1273 364 1313 1131.
427 1269 699 1308 Man-harena
726 1267 998 1318 polymorpha
1026 1265 1069 1305 L.

253 1337 310 1379 Ad
341 1341 487 1377 terram
519 1333 722 1376 humidam
752 1333 982 1376 umbrosam
1017 1332 1260 1374 Cantabriae
1290 1332 1526 1372 communis.

859 1401 1047 1442 Musei.

799 1469 1098 1522 Polycrichum.

255 1543 373 1582 1132.
434 1536 485 1580 Ρ.
515 1538 748 1588 formosum
777 1538 970 1592 Hoppe.
1003 1560 1056 1567 —
1088 1536 1146 1577 Pl.
1178 1549 1263 1575 exs.
1295 1534 1386 1574 coll.
1418 1546 1508 1574 ven.
1540 1546 1579 1573 n.
1610 1535 1703 1575 579.

253 1607 298 1647 ln
329 1607 475 1646 lutosis
505 1607 700 1646 montium
733 1605 1052 1645 cantabricorum
1085 1617 1211 1658 prope
1240 1604 1350 1645 Yrun
1379 1605 1420 1641 et
1459 1599 1580 1650 alibi,
1624 1598 1674 1639 ad
1712 1599 1780 1642 alt.

141 1675 440 1719 1000-1500‘.
473 1675 565 1727 Apr.
598 1687 631 1714 c.
664 1672 711 1714 fr.
742 1675 825 1728 juv.

827 1738 1082 1780 Baro-amsa.

248 1812 367 1853 1133.
426 1809 478 1850 Β.
510 1810 651 1859 crispa
681 1808 775 1849 Sm.

255 1877 395 1918 Sierra
424 1876 474 1917 de
505 1874 783 1917 Guadarrama
813 1875 853 1914 in
895 1875 1032 1928 pineto
1072 1872 1193 1913 Pinar
1236 1871 1286 1913 de
1316 1872 1519 1927 Segovia,
1558 1872 1781 1913 5-6000‘,

137 1946 252 2000 Sept.
285 1959 319 1984 c.
351 1943 466 1985 fruct.

249 2014 367 2054 1134.
430 2011 480 2053 Β.
510 2009 689 2059 fontana
719 2007 854 2048 Brid.

253 2080 296 2120 ln
328 2078 471 2120 rivulis
500 2079 696 2119 montium
728 2075 1049 2117 cantabricorum
1081 2087 1207 2129 prope
1238 2074 1360 2115 Yrun.
1420 2074 1511 2127 Apr.
1542 2087 1574 2114 c.
1616 2072 1663 2113 fr.
1695 2073 1779 2128 juv.

852 2142 1057 2183 Fumaria.

254 2218 370 2257 1135.
431 2213 481 2254 F.
513 2213 813 2266 hyyromecrica
850 2211 1020 2251 Hedw.

255 2282 301 2323 lu
334 2283 480 2323 lutosis
510 2294 636 2335 prope
666 2280 778 2320 Yrun
809 2282 851 2318 et
878 2278 976 2318 alibi
1016 2278 1055 2317 in
1087 2275 1305 2316 Cantabria
1343 2298 1395 2305 —
1431 2288 1504 2329 per
1531 2278 1654 2315 totam
1693 2273 1784 2314 llis-

142 2351 316 2405 paniam.
346 2349 455 2403 Illajo
485 2362 517 2388 c.
555 2347 669 2388 fruct.

843 2411 1087 2451 moranum.

256 2487 373 2525 1136.
430 2482 483 2522 D.
515 2483 754 2532 scoparium
785 2479 966 2533 Leyss.
999 2503 1046 2509 -
1080 2477 1139 2518 Pl.
1171 2489 1255 2517 exs.
1289 2476 1389 2518 coll.
1421 2489 1510 2516 ven.
1542 2487 1580 2516 n.
1613 2477 1704 2516 595.

253 2550 439 2593 Abundat
470 2551 509 2590 iu
543 2549 696 2603 pinetis
726 2549 890 2588 Sierrae
921 2546 970 2586 de
1001 2544 1288 2585 Guadarrama.
1349 2545 1462 2597 Sept.
1495 2557 1527 2583 c.
1560 2542 1675 2583 fruct.

852 2615 1066 2654 Grimmia.
1628 2658 1630 2661 .

261 2689 376 2727 1137.
449 2684 495 2724 G.
537 2695 746 2734 apocarpa
785 2683 952 2723 lledw.
995 2694 1076 2721 var.
1123 2677 1437 2727 (Orthotrichum
1477 2675 1686 2718 rivulare‘?
1726 2675 1783 2719 Pl.

147 2768 234 2795 exs.
266 2753 355 2794 coll.
387 2766 477 2792 ven.
509 2764 546 2792 n.
578 2754 692 2796 597.)

259 2820 399 2860 Sierra
437 2819 486 2859 de
516 2817 793 2858 Guadarrama
836 2818 876 2856 in
915 2817 1026 2855 saxis
1063 2815 1275 2869 graniticis
1315 2812 1521 2852 inundatis
1565 2812 1605 2852 in
1643 2810 1785 2852 rivulis

151 2888 364 2934 declivium
398 2887 617 2928 cacuminis
646 2885 847 2930 I’enalara
876 2884 925 2926 ad
955 2884 1023 2926 alt.
1053 2884 1191 2926 7000‘.
1226 2882 1338 2933 Sept.
1371 2893 1404 2922 c..
1434 2878 1482 2919 sr.
