1867 3215
1592 101 1683 147 173

49 229 340 288 subglobosum
369 230 513 285 stipite
541 230 721 279 brevius,
752 229 850 282 styli
876 228 1119 270 staminibus
1149 227 1370 269 breviores.
1419 225 1595 279 Capsula
1620 239 1686 279 cy-

46 299 218 340 lindrica
247 299 388 352 calyce
416 298 535 352 paulo
565 297 738 352 longior,
770 297 900 336 valvis
929 297 1080 349 patulis
1120 296 1278 336 obtusis
1318 295 1436 347 apice
1474 291 1591 332 valde
1628 293 1688 331 in-

47 369 255 409 crassatis.
285 367 453 407 Semina
470 365 660 420 oblonga,
690 363 966 419 unguiculata‚
986 364 1061 405 1¹⁰
1089 364 1227 420 longa,
1243 362 1370 404 dilute
1385 360 1513 402 fusca.
1545 359 1689 400 Flores

46 433 334 475 odoratissimi.

160 502 334 556 Species
363 502 546 556 proxima
581 498 636 539 D.
676 501 1015 550 monspessulano
1044 498 1104 548 L„
1142 512 1167 539 a
1197 512 1275 553 quo
1311 496 1446 539 differt
1483 493 1690 548 calycilms

47 569 174 609 multo
204 569 440 625 majoribus,
472 569 651 622 squamis
682 567 878 619 calycinis
908 570 1144 607 constanter
1182 569 1207 608 6
1247 566 1308 615 (in
1339 565 1388 605 D.
1428 576 1688 617 monspessu-

46 636 142 676 lano
173 640 409 676 constanter
437 639 485 681 4)
517 634 634 676 valde
664 634 949 688 inaequalibus
979 648 1054 674 nec
1080 632 1411 687 subaequalibus‚
1438 631 1689 671 brevioribus

47 704 260 745 latioribus
290 705 468 744 breviter
501 703 758 752 acuminatis,
797 715 929 755 neque
973 703 1014 741 in
1051 703 1217 741 aristam
1256 700 1418 755 longam
1450 697 1690 738 herbaceam

46 771 256 826 productis
294 770 362 818 (cf.
393 770 582 825 descript.
612 770 662 811 D.
694 769 1024 823 monspessulani
1054 768 1160 823 apud
1190 767 1312 808 Gren.
1346 765 1466 806 Godr.
1498 762 1688 806 F1.Fr.1.

46 840 178 889 2410,
209 839 358 893 petalis
389 852 469 878 non
504 839 729 892 contiguis,
772 837 978 893 unguibus
1008 836 1235 891 petalorum
1265 849 1289 875 e
1319 834 1458 887 calyce
1498 831 1688 881 exsertis,

47 906 274 946 seminibus
303 906 504 957 laevibus,
534 904 647 945 foliis
676 905 849 945 caulinis
883 904 1074 945 brevibus
1104 903 1312 956 adpressis
1341 905 1508 955 totoque
1536 899 1690 940 habitu.

48 972 103 1012 D.
135 976 314 1024 superbo
347 972 393 1014 L.
425 987 505 1013 non
536 974 616 1013 nisi
647 972 873 1027 petalorum
911 970 1046 1027 figura.
1082 970 1229 1010 similis
1266 973 1341 1009 est.
1408 968 1602 1009 Fortasse
1640 965 1690 1006 ad

49 1038 103 1084 1),
132 1043 358 1080 marsicum
388 1040 507 1081 Ten.
539 1040 640 1094 Syll.
670 1041 872 1094 pertinet,
910 1040 1026 1094 cujus
1054 1038 1278 1092 specimina
1308 1036 1534 1093 originalia.
1554 1033 1692 1074 videre

48 1107 226 1148 nondum
269 1109 395 1149 licuit.
455 1108 684 1163 Diagnosin
723 1106 840 1148 valde
878 1106 1167 1160 incompletum
1207 1103 1257 1147 cf.
1299 1103 1404 1159 apud
1444 1103 1692 1157 Walpers

47 1174 151 1229 Rep.
186 1174 216 1216 I.
248 1189 284 1229 p.
317 1178 409 1217 267.

159 1241 219 1283 Ad
247 1256 286 1283 n.
318 1246 413 1283 242.
470 1243 570 1284 Post
598 1255 746 1283 nomen
785 1243 949 1296 plantae
987 1239 1206 1296 legendum
1246 1243 1310 1280 est
1354 1238 1551 1294 Ortega
1592 1236 1692 1277 Dec.

45 1308 222 1362 (scilicet
250 1309 461 1356 decades).

158 1379 258 1418 Post
288 1392 328 1419 n.
360 1380 464 1420 456:
499 1377 667 1419 Goliam
694 1375 1050 1427 corrudaefolium
1089 1375 1207 1416 Vill.
1241 1374 1364 1415 Gren.
1399 1372 1520 1414 Godr.
1552 1371 1612 1414 Fl.
1643 1370 1693 1412 de

48 1443 114 1486 Fr.
146 1445 197 1486 11.
229 1461 266 1500 p.
297 1451 363 1489 24.
393 1446 506 1488 Jord.
541 1447 634 1488 Obs.
667 1446 809 1502 fragm.
839 1445 912 1487 ΙΙΙ.
944 1461 982 1500 p.
1018 1448 1247 1488 107—113.

160 1512 206 1554 ln
237 1512 400 1555 fissuris
427 1516 589 1569 rupium
629 1515 903 1556 calcarearum
933 1513 1137 1555 umbrosis
1174 1514 1215 1553 in
1255 1511 1361 1553 valle
1398 1510 1602 1551 Barrauco
1643 1507 1694 1549 de

50 1580 209 1639 Andiga
223 1583 263 1622 in
280 1583 419 1623 Sierra
434 1581 484 1623 de
501 1581 628 1623 Ghiva
643 1583 684 1623 in
701 1583 906 1623 consortio
927 1580 975 1621 G.
990 1582 1203 1628 maritimi,
1225 1578 1298 1621 sed
1313 1579 1457 1619 rarius,
1477 1578 1576 1631 Aug.
1595 1589 1626 1616 c.
1645 1574 1694 1615 fr.

33 1688 37 1692 .
160 1649 219 1691 Ad
249 1663 288 1690 n.
320 1653 415 1693 457.
476 1649 584 1691 Galii
624 1651 786 1704 species
826 1651 868 1690 in
900 1649 990 1689 coll.
1022 1662 1111 1689 ven.
1142 1647 1230 1688 sub.
1275 1660 1314 1687 n.
1356 1648 1437 1686 229
1479 1642 1587 1684 edita
1630 1645 1695 1682 est

55 1715 104 1758 G.
133 1719 386 1767 pupillosum
415 1717 531 1772 Lap.
564 1717 684 1758 Godr.
717 1717 743 1757 l.
776 1731 809 1757 c.
841 1731 879 1770 p.
909 1719 974 1758 32.
1005 1715 1118 1757 Jord.
1148 1715 1174 1756 l.
1207 1728 1240 1755 c.
1274 1728 1311 1768 p.
1344 1715 1424 1755 144
1453 1734 1504 1740 -
1535 1714 1577 1751 et
1605 1711 1696 1764 spe-

51 1784 138 1824 cies
168 1783 243 1826 sub
272 1797 312 1826 n.
346 1787 427 1827 309
457 1784 566 1825 edita
596 1788 660 1824 est
699 1783 746 1828 G.
776 1786 1014 1824 scabridum
1041 1783 1070 1824 J
1082 1781 1180 1825 ord.
1221 1782 1247 1823 l.
1288 1795 1320 1823 c.
1359 1794 1395 1834 p.
1440 1781 1530 1820 136.
1570 1777 1691 1818 Gren.

50 1851 78 1892 l.
109 1865 142 1893 c.
175 1866 214 1906 p.
245 1855 312 1894 30.
1246 1885 1250 1889 .
1426 1869 1429 1874 ·

162 1918 223 1960 Ad
254 1932 294 1960 n.
331 1922 424 1962 459.
485 1920 658 1973 Species
687 1918 762 1960 sub
792 1919 955 1958 nomine
987 1914 1103 1958 Galia·
1127 1916 1334 1968 palustris
1375 1915 1613 1954 enumerata
1636 1915 1701 1952 est

52 1987 189 2042 potius
221 1986 270 2028 G.
302 1986 713 2041 elonqatumPresl.
748 1983 988 2029 Gren.God.
1018 1984 1045 2025 1.
1080 1998 1114 2025 c.
1145 1998 1183 2038 p.
1210 1986 1274 2026 39.
1305 1979 1418 2024 Jord.
1448 1980 1474 2020 l.
1494 1993 1527 2021 c.
1544 1993 1583 2035 p.
1603 1980 1694 2021 170.

165 2054 264 2096 Post
292 2067 332 2095 n.
362 2057 484 2097 841.=
514 2053 713 2096 Lamium
740 2055 882 2094 album
908 2051 951 2094 L.

164 2120 225 2164 Aa
253 2134 378 2178 sepes
408 2135 536 2180 prope
563 2123 675 2167 Yrun
705 2126 746 2164 et
774 2119 873 2163 alibi
900 2120 944 2162 in
975 2118 1193 2163 Cantabria
1220 2116 1330 2174 MaJo
1361 2129 1394 2158 c.
1426 2113 1512 2156 flor.

712 2334 1027 2364 -κθΦΘ-ΘΦοοο-π
