1867 3215
151 100 244 147 162

138 228 247 281 pium
282 225 428 265 summi
454 224 544 278 jugi
574 223 624 264 ad
654 225 724 265 alt.
760 226 910 275 50o0‘;
956 227 997 265 in
1026 226 1251 280 Pyrenaeis
1287 223 1336 264 ad
1365 235 1489 277 rupes
1515 222 1603 279 Jugi
1631 222 1779 264 Puerto

137 293 189 335 de
218 291 435 340 Canfranc,
464 293 591 332 4500‘
621 294 799 347 copiose.
832 292 957 347 Majo,
987 293 1111 333 Junio
1143 307 1175 335 c.
1207 293 1292 333 flor.

245 355 289 411 β.
320 358 478 409 friyida
508 358 663 400 Gaud.
695 359 825 401 Rchb.
860 360 914 400 lc.
949 361 972 400 Ι.
1005 375 1037 401 c.
1069 360 1096 402 f.
1127 364 1222 403 393.
1265 385 1317 392 --
1356 358 1414 399 Pl.
1449 372 1534 399 exs.
1565 359 1656 402 coll.
1687 371 1776 401 ven.

137 440 175 467 n.
206 430 300 468 425.
752 434 769 445 ·
1565 430 1573 433 ’

248 493 388 533 Sierra
416 492 467 532 de
496 494 696 548 Monoayo
729 496 769 535 in
813 496 1016 550 glareosis
1056 497 1274 553 pinguibus
1304 495 1433 548 partis
1469 495 1694 548 superioria
1731 493 1783 535 a‘d
1825 537 1827 539 ,

134 561 203 602 alt.
233 562 538 602 4500—50001.
586 561 669 602 Jul.
702 564 769 603 vix
802 563 966 604 florens.

247 630 366 669 1086.
425 625 477 667 Ρ.
505 632 717 678 pratensis
745 629 788 671 L.

243 693 290 734 In
321 695 450 749 pratis
482 694 744 748 Cantabriae,
782 710 817 741 v.
850 712 883 738 c.
916 711 1043 753 prope
1070 699 1194 742 Yrun.
1225 696 1336 752 Majo
1368 711 1401 737 c.
1434 696 1473 737 fl.

833 764 1076 808 cacabrosa.

246 831 364 871 1087.
425 829 469 871 C.
502 834 696 882 aquatica
725 833 768 875 P.
803 833 846 873 B.
892 832 1020 874 Rchb.
1061 833 1115 874 lc.
1159 834 1183 872 l.
1225 846 1259 874 c.
1299 831 1325 876 f.
1366 834 1459 874 374.
1497 854 1550 863 —-
1593 829 1652 872 Pl.
1691 842 1778 870 en.

134 896 225 937 coll.
257 910 347 937 ven.
380 910 419 937 n.
452 901 542 939 129.

245 963 291 1004 In
322 964 464 1005 rivulis
494 965 672 1019 limpidis
702 979 832 1022 prope
861 967 1017 1008 Bilbao.
1077 967 1186 1024 Majo
1218 980 1251 1008 c.
1284 965 1368 1006 flor.

886 1035 1032 1076 Briza.

248 1101 365 1143 1088,
425 1098 501 1140 Br.
532 1103 669 1140 media
698 1099 742 1141 L.
778 1125 832 1131 —
861 1102 920 1143 Pl.
954 1116 1040 1143 exs.
1074 1102 1163 1142 coll.
1196 1114 1287 1141 ven.
1320 1114 1357 1141 n.
1392 1103 1483 1142 133.

245 1166 292 1206 In
326 1166 500 1208 collibus
530 1168 777 1223 graminosis
808 1171 1018 1224 pratisque
1049 1169 1315 1218 Cantabriae,
1348 1181 1380 1207 v.
1415 1186 1447 1211 c.
1480 1180 1607 1223 prope
1623 1167 1779 1209 Bilbao.

135 1231 247 1290 Majo
277 1248 311 1275 e.
343 1233 381 1275 fl.

838 1302 1051 1344 Koelerz'a.

253 1371 371 1410 1089.
432 1367 487 1410 Κ.
519 1371 728 1411 valesiaca
759 1370 918 1412 Gaud.
950 1370 1077 1411 Rchb.
1111 1370 1166 1411 Ic.
1199 1371 1224 1412 Ι.
1258 1384 1290 1410 c.
1322 1369 1348 1411 f.
1384 1373 1474 1413 175.
1513 1392 1566 1399 -—
1605 1370 1663 1413 Pl.
1693 1383 1779 1411 exs.

136 1435 226 1477 coll.
259 1449 349 1476 ven.
381 1448 420 1476 n.
449 1438 530 1477 252
561 1440 601 1476 et
629 1440 722 1478 303.

246 1503 293 1543 ln
324 1504 524 1552 arenosis,
555 1507 800 1559 margaceis,
833 1506 1084 1560 graminosis
1114 1506 1236 1545 siccis
1262 1505 1468 1545 Navarrae
1497 1508 1538 1545 et
1554 1505 1783 1560 Aragoniae

134 1572 381 1625 superioris:
413 1584 539 1626 prope
576 1572 775 1620 lllonreal,
804 1572 923 1623 Jaca,
955 1574 1061 1612 inter
1091 1572 1195 1612 Jaca
1224 1578 1265 1612 et
1295 1573 1338 1612 S.
1367 1573 1474 1613 Juan
1503 1572 1553 1612 de
1584 1572 1623 1612 la
1645 1572 1780 1618 Pena3

133 1639 175 1680 in
206 1643 343 1680 monte
373 1638 485 1680 Pena
515 1639 565 1680 de
597 1639 718 1680 Oroel
749 1639 799 1680 ad
830 1640 899 1679 alt.
934 1642 1059 1680 5000‘
1089 1640 1266 1692 copiose.
1307 1640 1432 1681 Junio
1464 1654 1497 1680 c.
1530 1639 1615 1680 flor.

840 1705 1073 1746 Selii-amus.

247 1776 366 1816 1090.
427 1771 526 1814 Sclr.
557 1777 822 1828 marqinatus
851 1774 895 1814 P.
929 1774 975 1813 B.
1008 1772 1101 1815 Rth.
1132 1772 1276 1813 Enum.
1311 1774 1341 1813 1.
1373 1788 1410 1828 p.
1442 1776 1536 1816 385.

250 1840 297 1881 In
329 1845 467 1881 monte
484 1841 669 1882 calcareo
686 1842 781 1882 Pico
812 1841 862 1881 de
879 1841 1076 1880 Sarantes
1093 1854 1219 1895 prope
1237 1841 1379 1882 Bilbao
1397 1843 1534 1882 rariss.
1566 1840 1676 1896 Maj0
1695 1838 1781 1881 c.fl.

855 1907 1059 1960 Dactylia.

251 1979 367 2017 1091.
430 1974 485 2016 D.
500 1978 731 2029 ylomeraca
746 1974 788 2016 L.
821 1975 950 2016 forma
979 1976 1177 2031 genuina!
1211 1998 1263 2006 —
1292 1974 1419 2016 Rchb.
1460 1973 1512 2016 Io.
1540 1975 1565 2016 Ι.
1589 1973 1776 2018 c.f.364.

245 2042 431 2085 Abundat
460 2045 501 2084 in
531 2045 659 2098 pratis
691 2043 948 2084 Cantabriae.
1009 2044 1118 2098 Majo
1149 2057 1181 2082 c.
1212 2043 1297 2083 flor.

827 2111 1080 2163 Cynosurus.

248 2181 368 2220 1092.
430 2177 476 2219 C.
507 2180 724 2218 echinacus
753 2177 794 2221 L.
826 2178 952 2219 Rchb.
987 2179 1040 2218 lc.
1072 2179 1095 2219 Ι.
1128 2191 1161 2218 c.
1194 2177 1219 2220 f.
1251 2180 1342 2220 365.

243 2244 290 2285 In
334 2245 555 2300 pinguibus
594 2247 700 2285 inter
753 2258 852 2285 saxa
891 2246 1090 2301 granitiea
1126 2246 1166 2285 in
1205 2245 1312 2285 valle
1351 2243 1462 2285 fluvii
1501 2243 1617 2285 Jerte
1654 2255 1780 2299 prope

132 2313 348 2355 Planencia
378 2314 419 2353 in
449 2311 753 2353 Extremadura.
789 2312 874 2353 Oct.
908 2314 1054 2353 exsicc.

874 2378 1036 2430 Vulpia.

248 2449 365 2488 1093.
431 2445 479 2485 V.
527 2444 875 2499 Pseudomyurus
905 2447 1063 2487 Rchb.
1095 2446 1147 2487 lc.
1179 2447 1204 2486 Ι.
1238 2459 1268 2485 c.
1303 2445 1327 2486 f.
1358 2448 1452 2488 290.
1495 2467 1548 2477 —
1590 2444 1650 2485 Pl.
1689 2457 1774 2486 exn.

135 2513 225 2554 ooli.
257 2526 348 2555 ven.
379 2526 418 2553 n.
461 2515 551 2554 188.

247 2580 293 2620 In
323 2581 450 2621 muris
479 2592 606 2633 prope
624 2579 791 2629 Tolosa,
812 2580 1027 2620 Villabona
1057 2583 1132 2619 etc.
1165 2579 1204 2618 in
1222 2579 1467 2633 Guipuzcoa.
1499 2579 1625 2620 Junio
1642 2577 1774 2620 c.flor.

893 2659 936 2685 es
1041 2679 1048 2687 .

253 2717 369 2755 1094.
431 2712 480 2753 F.
512 2716 647 2766 riqida
679 2712 788 2752 Ktb.
821 2647 1034 2754 Εῖυηιιῗκῐα
1061 2716 1153 2755 392.
1184 2712 1309 2754 Rchb.
1352 2713 1406 2753 lc.
1438 2712 1463 2752 Ι.
1494 2726 1527 2752 c.
1560 2711 1584 2751 f.
1614 2714 1777 2754 3⁷0.—

137 2780 196 2821 ΡΙ.
229 2795 312 2821 exs.
343 2780 433 2820 coll.
467 2793 555 2819 ven.
587 2793 625 2819 n.
662 2782 750 2822 187.

249 2847 295 2887 ln
326 2849 450 2888 muris
481 2859 607 2900 prope
643 2846 798 2898 Bilbao,
828 2847 981 2889 Tolosa
1013 2851 1088 2890 etc,
1120 2849 1160 2888 in
1191 2847 1426 2896 Cantabria,
1463 2869 1516 2878 —
1554 2856 1628 2900 per
1653 2848 1778 2886 totam

138 2911 388 2966 Hispaniam.
445 2911 554 2967 majo
586 2925 617 2953 c.
649 2911 733 2953 flor.
