1867 3215
1626 71 1718 115 118

178 193 272 236 Oba.
330 195 363 234 A
402 195 542 247 specie
584 193 858 247 praecedente
896 205 992 233 vera
1022 192 1075 233 D.
1112 191 1276 243 Thapsi
1305 191 1427 234 facile
1454 193 1718 252 distinguitur

65 257 178 299 foliis
217 263 360 300 exacte
397 260 639 301 lanceolatis
669 261 859 311 utrinque
889 260 1352 300 velutino-tomentosis
1381 261 1491 303 laete
1520 263 1717 305 viridibus

67 326 128 375 (in
160 327 270 367 sicco
303 327 587 368 flavicantibus
617 339 695 366 nec
723 327 1053 380 nigrescentibus
1084 332 1127 368 ut
1158 328 1198 367 in
1230 326 1286 368 D.
1316 333 1579 380 purpurea),
1609 330 1717 371 flori-

64 392 142 433 lms
173 394 382 434 laxissime
412 394 657 443 racemosiS,
689 393 843 446 calycis
875 396 1103 448 segmentis
1133 397 1322 450 angustis
1352 397 1483 436 acutis
1513 411 1589 437 nec
1620 399 1717 439 latis

63 458 266 510 foliaceis,
296 462 449 501 corella
479 460 604 501 multo
634 461 791 500 minore
822 460 1119 515 pallidioreque
1148 464 1284 502 minus
1317 462 1468 504 hiante.
1508 466 1635 514 Quam
1666 466 1718 506 ob

66 539 152 567 rem
185 529 418 583 opinionem
450 529 498 568 cl.
528 527 861 578 Benthamii‚
906 528 1010 568 hanc
1050 530 1229 582 plantam
1269 531 1325 569 nil
1364 531 1445 571 nisi
1476 545 1627 572 meram
1659 532 1716 573 D.

63 605 304 643 purpureae
334 596 572 635 varietatem
603 607 698 633 esse
729 594 924 649 adoptare
954 609 1034 634 non
1065 608 1244 649 possum.
1302 595 1357 638 D.
1387 596 1552 648 leapsi
1580 600 1621 639 in
1652 600 1722 640 Hi·

62 662 208 714 spania
245 661 391 701 saltem
423 674 558 701 aream
587 665 758 714 occupat
789 666 931 701 exacte
962 652 1221 701 delineatam.
1255 663 1569 705 Provenitenim
1588 667 1716 706 abun-

60 725 204 766 danter
245 741 324 767 non
366 730 446 768 nisi
468 730 526 767 -in
568 729 755 767 arenosis
786 727 1065 768 destructione
1093 729 1244 783 graniti
1275 731 1374 769 ortis
1408 744 1530 772 secus
1560 732 1720 774 radices

60 795 444 834 austro-orientales
484 795 678 834 montium
711 795 974 842 centralium,
1015 794 1122 834 unde
1158 796 1200 835 in
1239 809 1381 836 omnes
1421 803 1558 850 partes
1597 799 1716 840 valde

60 860 306 910 extenditur,
338 861 410 900 sed
441 874 515 901 nec
545 861 714 916 gradum
746 862 1018 916 longitudinis
1048 864 1284 915 parisianae
1302 868 1502 915 quartum,
1534 879 1609 905 nec
1625 880 1715 921 gra-

63 926 154 966 dum
186 927 416 967 latitudinis
446 928 700 983 trigesimum
734 941 908 976 nonum,
952 941 1028 969 nec
1055 933 1217 970 montes
1247 931 1453 971 centrales
1484 934 1715 987 transgredi

64 993 234 1034 videtur.

169 1064 260 1102 744.
324 1061 378 1102 D.
409 1065 520 1102 lutea
551 1063 593 1103 L.
627 1062 774 1103 Benth.
807 1064 830 1102 l.
865 1077 897 1103 c.
932 1077 968 1116 p.
1002 1067 1096 1104 452.
1127 1086 1181 1092 —
1214 1064 1273 1104 Pl.
1306 1078 1391 1104 exS.
1426 1066 1517 1105 coll.
1551 1079 1641 1109 ven.
1672 1081 1711 1110 n.

58 1129 139 1168 465
172 1128 208 1167 b.
268 1128 338 1175 (D.
372 1131 599 1181 parvislora
631 1131 720 1170 All.
753 1144 831 1169 non
865 1130 1046 1184 Jacqu.
1107 1130 1162 1170 D.
1195 1134 1433 1171 micramha
1462 1133 1595 1173 Roth
1627 1147 1710 1175 sec.

58 1194 105 1234 cl.
138 1195 430 1243 Bentham.)

170 1262 213 1301 ln
254 1260 417 1303 fissuris
454 1264 612 1316 rupium
656 1265 805 1303 montis
846 1265 986 1304 Sancti
1026 1264 1202 1304 Joannis
1242 1278 1369 1319 prope
1408 1265 1511 1306 Jaca
1549 1267 1598 1307 ad
1639 1269 1710 1313 alt.

53 1330 178 1369 3000‘
208 1342 311 1370 raro.
344 1329 456 1370 Julio
487 1343 520 1371 c.
554 1329 638 1370 flor.

165 1399 259 1437 745.
321 1395 375 1437 D.
405 1398 634 1447 parviflora
665 1397 848 1449 Jacqu.
893 1397 1038 1436 Benth.
1071 1398 1094 1438 l.
1128 1412 1161 1438 c.
1195 1423 1247 1431 —-
1279 1399 1338 1441 Pl.
1370 1413 1455 1439 exs.
1489 1401 1579 1440 coll.
1612 1415 1704 1441 ven.

52 1476 89 1503 n.
123 1466 216 1504 406.
247 1464 322 1503 sub
355 1465 518 1504 nomine
548 1463 602 1506 D.
633 1467 906 1504 mim-amhae.
969 1465 1039 1511 (D.
1080 1465 1314 1520 ferruginea
1352 1467 1498 1506 Botan.
1542 1467 1703 1520 hispan.

49 1543 129 1569 non
160 1529 224 1576 L.)
345 1529 351 1535 ’

159 1597 300 1637 Sierra
340 1597 390 1637 «le
419 1597 621 1651 Moncayo
663 1598 703 1638 in
744 1598 861 1637 silvis
904 1598 1046 1638 lateris
1086 1602 1358 1654 aragonensis
1399 1602 1492 1642 inde
1522 1616 1545 1642 a
1581 1607 1704 1645 1500‘

46 1676 177 1717 usque
207 1663 256 1704 ad
287 1667 413 1706 3000‘
444 1667 622 1719 copiose.
656 1665 767 1705 Julio
801 1679 832 1703 c.
865 1663 951 1705 flor.

160 1731 249 1770 obs.
311 1733 484 1786 Species
518 1731 726 1786 hucusque
757 1746 835 1771 non
871 1733 950 1771 nisi
981 1746 1030 1772 ex
1049 1733 1211 1773 Asturia
1243 1738 1339 1774 nota
1371 1737 1518 1789 (prope
1547 1737 1702 1777 Penna-

50 1797 144 1845 ssor,
178 1799 423 1848 Durieul)
455 1813 478 1838 a
509 1799 710 1839 botanicis
751 1799 976 1846 hispanicis
1014 1814 1101 1840 cum
1143 1799 1196 1841 D.
1227 1802 1477 1856 ferruqinea
1508 1803 1552 1844 1..
1595 1817 1700 1843 com-

50 1868 218 1914 mutata,
250 1878 273 1904 a
303 1878 380 1921 qua
413 1858 588 1905 c'orollae
619 1867 750 1907 forma
779 1867 953 1920 aliisque
985 1866 1288 1908 characteribus
1319 1874 1382 1908 sat
1412 1870 1586 1910 diversa.

162 1933 393 1972 Secundum
426 1935 675 1985 specimina,
720 1948 824 1985 quae
854 1933 936 1974 vidi
979 1936 1016 1973 in
1057 1935 1243 1974 herbario
1279 1937 1397 1990 regio
1442 1936 1699 1986 Mauritenst,

47 2002 234 2052 provenit
275 2001 396 2039 etiam
438 2002 478 2039 in
510 2003 715 2041 montibus
745 2002 980 2053 provinciae
1013 2002 1171 2057 Burgos
1213 2003 1371 2049 (Sierra
1401 2003 1450 2043 de
1483 2003 1616 2052 ocaP)
1645 2008 1705 2045 at-

47 2080 124 2119 que
157 2068 196 2106 in
226 2079 355 2122 regno
387 2066 652 2122 Legionensi.
699 2068 820 2109 Color
850 2069 1028 2109 corollae
1061 2068 1339 2124 ferrugineus,
1371 2070 1558 2125 foliorum
1590 2071 1699 2112 laete

43 2131 196 2172 viridis.

766 2200 946 2242 Evinas.

151 2269 243 2308 746.
305 2266 358 2307 E.
390 2268 559 2317 alpinus
588 2267 631 2309 1..
673 2268 821 2308 Benth.
854 2269 866 2308 l
912 2283 945 2309 c.
979 2283 1016 2323 p.
1053 2272 1146 2310 453.
1180 2293 1232 2299 -
1264 2270 1322 2311 Pl.
1356 2283 1441 2311 cxs.
1474 2271 1566 2312 coll.
1600 2284 1693 2312 ven.

39 2344 78 2372 n.
108 2335 175 2375 95.

158 2411 339 2451 Occurrit
370 2410 563 2465 frequens
594 2414 635 2452 in
667 2418 797 2454 tractu
829 2416 1023 2454 montium
1055 2415 1392 2465 cantabficorum,
1425 2417 1465 2455 in
1493 2417 1698 2470 Aragonia

42 2479 255 2531 superiore
286 2481 326 2517 et
348 2477 596 2530 Pyrenaeis:
629 2480 668 2519 in
701 2482 828 2520 muris
860 2494 986 2535 prope
1002 2481 1255 2522 villafranca
1287 2482 1360 2530 (ad
1390 2482 1458 2522 alt.
1492 2483 1555 2521 vix
1575 2485 1694 2529 200¹)

38 2545 80 2583 in
110 2544 361 2597 Guipuzcoa,
393 2546 433 2584 in
464 2546 632 2597 rupibus
663 2547 861 2586 calcareis
887 2548 1004 2601 juxta
1033 2551 1308 2588 sanctuarium
1342 2549 1427 2588 San
1458 2549 1604 2601 R'oque
1635 2553 1694 2588 at-

39 2623 119 2664 que
148 2611 189 2649 in
219 2611 316 2650 Pico
347 2610 397 2650 de
427 2612 626 2652 Sarantes
655 2626 782 2666 prope
810 2612 968 2662 Bilbao‚
998 2615 1039 2652 in
1069 2612 1232 2654 fissuris
1261 2616 1421 2668 rupium
1454 2627 1580 2668 prope
1598 2615 1692 2654 Ota-

37 2689 114 2716 nes
153 2682 194 2715 et
231 2676 329 2716 alibi
369 2678 409 2716 in
445 2678 599 2718 ditione
629 2678 691 2718 las
721 2678 1070 2729 Encastaciones‚
1100 2682 1143 2719 in
1174 2686 1313 2721 monte
1345 2682 1459 2721 Pena
1490 2681 1539 2720 de
1570 2680 1694 2721 ΟῐοὲΙ

35 2741 88 2783 ad
116 2742 185 2784 alt.
215 2745 509 2784 4500—500111
528 2775 538 2793 ,
569 2746 610 2784 in
641 2745 867 2798 Pyrenaeis
896 2747 937 2785 in
968 2748 1081 2787 saxis
1110 2750 1310 2788 arenariis
1339 2748 1430 2788 loco
1459 2747 1609 2788 Puerto
1640 2747 1692 2788 de

37 2807 238 2850 (lanfranc
268 2808 318 2849 ad
347 2809 417 2850 alt.
448 2812 574 2853 45oo¹
603 2815 680 2854 etc,
710 2811 836 2867 Majo,
868 2812 995 2854 Junio
1027 2826 1060 2854 c.
1090 2812 1178 2856 flor.
1212 2819 1254 2856 et
1284 2814 1404 2856 fruct.

1367 2880 1369 2882 ’
1415 2883 1456 2918 15
