1867 3215
1637 74 1738 120 139

197 193 292 234 916.
351 188 435 231 Eu.
463 191 740 243 platyphyllos
767 191 812 233 L.

200 270 237 298 a.
251 257 398 298 Forma
409 254 577 298 robusta
589 256 738 302 foliosa
752 259 862 300 foliis
874 260 969 301 latis
982 260 1154 311 obtusis,
1167 263 1349 316 capsulis
1361 262 1480 303 valde
1491 266 1735 306 verrucosis.

198 323 245 364 In
275 323 496 379 pinguibus
525 323 575 363 ad
604 337 729 377 sepes
759 339 887 379 prope
902 327 1026 367 Yrun.
1072 327 1198 369 Junio
1215 342 1248 368 c.
1266 328 1316 369 fr.

197 395 235 432 2.
266 390 414 431 Forma
444 391 636 447 elongata
665 393 856 447 gracilis,
897 392 1010 434 toliis
1038 395 1281 435 lanceolatis
1321 395 1408 436 fere
1445 396 1541 437 inde
1584 410 1609 437 a
1647 397 1738 438 basi

87 458 316 508 serrulatis,
356 458 500 499 subtus
530 458 688 512 pilosis.
747 460 807 499 An
837 462 1002 513 species
1031 460 1255 502 distincta?
1366 503 1371 505 .

199 524 258 566 Ad
288 538 413 579 sepes
443 524 657 565 umbrosas
686 539 814 579 prope
844 527 989 568 Bilbao
1021 529 1188 581 passim.
1219 528 1329 582 Majo
1360 542 1392 568 c.
1426 528 1512 569 flor.

199 591 292 631 Oba.
352 593 497 633 Planta
526 605 550 633 a
580 592 630 634 cl.
662 591 845 633 Kunze
877 594 918 633 in
951 594 1084 635 Chlor.
1114 595 1361 649 austrohisp.
1394 609 1431 636 n.
1451 598 1533 639 647
1562 596 1637 636 sub
1667 610 1737 638 no-

87 659 197 698 mine
228 657 312 701 Eu.
341 661 579 712 platyphyll.
622 664 859 700 enumerata
890 665 955 700 est
984 662 1148 715 species
1189 663 1424 713 rarissima,
1463 663 1624 704 scilicet
1653 663 1736 705 Eu.

80 730 322 778 pterococca
352 727 489 766 Brot.
549 725 607 766 Cf.
643 727 817 782 Spreng.
849 728 963 781 Syst.
995 728 1054 767 lll.
1085 742 1124 781 p.
1156 731 1259 778 799,

195 795 288 836 917.
349 793 432 833 Eu.
465 791 853 832 Reichenbacmana
885 808 923 836 n.
955 808 1016 849 sp.
1059 794 1151 840 (Eu.
1184 787 1326 835 stricta
1359 796 1495 837 Willk.
1527 798 1569 837 in
1600 797 1739 841 sched.

86 861 211 915 plant,
242 875 328 903 exn.
364 861 455 900 coll.
487 874 582 903 ven.
609 874 648 901 n.
679 864 733 902 57
763 874 842 900 non
873 860 918 901 L.
960 875 1037 901 nec
1067 861 1169 913 Sm.)
1210 862 1434 913 Perennis,
1474 865 1738 916 multicaulis,

84 928 269 969 caulibus
301 928 423 968 elatis
453 929 608 967 strictis
638 927 819 967 robustis
851 929 1032 969 ramulos
1063 942 1309 969 numerosos
1341 930 1505 983 patulos
1521 931 1740 972 edentibus

82 996 260 1036 umbella
287 1008 436 1049 magna
466 996 532 1034 tri·
564 995 629 1035 vel
655 995 992 1049 quinqueradiata
1025 997 1279 1046 terminatis3
1318 996 1430 1036 foliis
1460 997 1542 1037 late
1573 999 1739 1039 lineari-

79 1063 322 1103 lanceolatis
353 1062 447 1102 basi*
473 1061 651 1102 cordatis
681 1062 912 1115 apiculatis,
947 1064 1134 1119 margine
1163 1076 1188 1103 a
1217 1063 1350 1104 medio
1393 1068 1538 1120 argute
1570 1069 1610 1105 et
1637 1067 1736 1106 inae-

81 1130 256 1184 qualiter
298 1129 527 1179 serrulatis,
573 1128 717 1169 subtus
758 1130 1047 1185 lanuginosis3
1095 1130 1222 1170 radiis
1267 1132 1473 1184 primariis
1511 1135 1552 1171 et
1591 1145 1737 1172 secun-

79 1196 205 1237 dariis
236 1196 513 1245 trichotomis,
555 1197 752 1236 tertiariis
783 1196 1050 1246 dichotomis;
1093 1197 1393 1238 involucrorum
1435 1202 1476 1238 et
1515 1199 1735 1239 involucel-

78 1265 207 1304 lorum
239 1265 523 1318 primariorum
556 1267 597 1303 et
627 1263 962 1304 secundariorum
994 1264 1149 1304 foliolis
1179 1263 1292 1304 foliis
1324 1266 1487 1305 omnino
1513 1266 1733 1317 similibus,

80 1332 352 1371 tertiariorum
384 1331 467 1370 late
498 1332 629 1371 ovatis
660 1331 876 1370 serrulatis
908 1331 1153 1385 spiculati83
1186 1331 1395 1387 glandulis
1425 1333 1644 1386 periantbii
1673 1347 1737 1374 ro-

76 1397 261 1439 tundatis
290 1399 582 1453 integerrimis,
612 1398 867 1453 germinibus
899 1398 1083 1441 laevibus.

186 1465 288 1506 Hab.
322 1467 363 1505 in
395 1467 583 1505 arenosis
611 1465 808 1505 calcareis
826 1466 1048 1519 pinguibus
1069 1465 1119 1506 ad
1148 1467 1356 1507 introitum
1374 1467 1495 1507 vallis
1511 1466 1562 1507 de
1577 1467 1735 1520 Loyola

79 1547 207 1588 prope
237 1534 279 1573 S.
312 1532 533 1574 Sebastian
566 1531 673 1573 haud
701 1531 919 1586 frequens,
951 1533 1019 1573 ubi
1051 1533 1085 1574 d.
1121 1536 1159 1575 7
1192 1533 1292 1589 Maji
1332 1534 1546 1574 florentem
1577 1535 1675 1590 legi.

187 1601 335 1641 Planta
365 1600 605 1654 spectabilis
636 1600 871 1640 versicolor.
940 1589 1090 1640 caules
1132 1602 1340 1650 1¹s2-2-
1353 1601 1545 1654 pedales,
1585 1603 1732 1652 stricti,

74 1672 249 1718 teretes,
280 1666 473 1717 fistulosi,
504 1667 754 1722 glaberrimi
785 1680 921 1721 penna
952 1669 1145 1707 anserina
1174 1670 1416 1718 crassiores,
1447 1669 1731 1710 rubescentes

75 1735 195 1776 Folia
224 1748 348 1789 supra
379 1735 552 1774 obscura
582 1735 758 1774 virentia
791 1735 936 1774 subtus
966 1735 1274 1789 glaucescentia
1316 1735 1652 1786 membranacea,
1690 1737 1733 1776 in

74 1802 304 1843 tui-ionibus
335 1801 637 1851 subimbricata,
670 1803 853 1850 l-l¹l2
886 1802 982 1854 poll.
1027 1802 1174 1857 longa,
1205 1804 1368 1844 3—-5‘¹‘
1398 1803 1504 1853 lata,
1546 1802 1734 1844 ssorealia

80 1870 326 1910 flavicantia.
387 1868 507 1908 Radii
538 1868 771 1908 secundarii
812 1873 853 1909 et
898 1870 1070 1909 tertiarii
1114 1870 1440 1924 atro-purpurei,
1485 1871 1734 1911 involucella

76 1950 215 1987 aurea,
248 1936 393 1976 subtus
424 1935 475 1975 ad
504 1949 671 1975 nervum
704 1936 853 1990 pilosa,
885 1939 1065 1977 ceterum
1085 1936 1238 1992 glabra.
1282 1937 1459 1977 Germen
1478 1929 1732 1993 perjuvenile

73 2004 274 2060 glabrum,
302 2002 522 2058 glandulae
552 2016 715 2043 aureae.

184 2072 359 2126 Species
389 2084 412 2110 e
442 2072 626 2110 sectione
658 2070 937 2123 Tichymalus,
969 2072 1061 2111 sine
1093 2070 1214 2111 dubio
1244 2084 1372 2125 prope
1401 2070 1486 2111 Eu.
1501 2073 1732 2123 platyphyl-

72 2142 154 2179 lam
185 2137 442 2185 collocanda,
474 2151 497 2177 a
529 2151 607 2191 qua
636 2137 773 2178 differt
814 2137 927 2179 foliis
967 2139 1271 2192 involucrisque
1309 2138 1457 2178 eximie
1497 2138 1730 2192 apiculatis,

75 2206 336 2248 involucellis
365 2203 447 2245 late
478 2204 639 2259 quidem
670 2206 804 2245 ovatis
835 2205 909 2246 sed
940 2207 1108 2246 minime
1133 2205 1523 2255 ‹leuamen-ovans,
1555 2205 1731 2259 denique

76 2274 217 2314 habitu
247 2277 289 2313 et
320 2272 455 2312 colore
486 2274 611 2312 totius
639 2273 818 2327 plantae.
879 2273 936 2313 Ab
966 2272 1051 2313 Eu.
1083 2276 1225 2312 slricta
1256 2272 1298 2313 L.
1332 2274 1495 2312 omnino
1526 2271 1728 2313 abhorret.

74 2342 220 2382 Dicavi
249 2341 417 2394 stirpem
449 2340 654 2395 insignem
685 2344 725 2379 et
757 2340 1116 2381 observationibus
1138 2339 1416 2383 ‚ulterioribus
1446 2339 1731 2394 dignissimam

76 2410 124 2451 cl.
163 2406 611 2449 Reichenbachio
650 2405 706 2447 fil.
752 2408 819 2460 qui
860 2420 949 2447 eam
994 2407 1044 2447 ab
1073 2406 1158 2449 Eu.
1199 2410 1348 2447 stricta
1393 2410 1434 2446 et
1473 2408 1731 2459 platyphylla

73 2475 306 2517 distinctam
338 2478 379 2515 et
408 2474 674 2528 probabiliter
704 2475 884 2528 speciem
915 2487 1062 2514 novam
1093 2488 1190 2515 esse
1216 2476 1372 2529 primus
1403 2475 1608 2529 cognovit.

185 2545 280 2584 918.
339 2540 423 2582 Eu.
454 2542 589 2580 dulcis
617 2541 660 2582 L.
694 2541 789 2593 (Eu.
822 2542 1031 2595 solisequa
1058 2542 1187 2582 Rchb.
1220 2542 1280 2582 Fl.
1313 2554 1438 2597 germ.
1470 2541 1579 2590 exc.)

117 2618 119 2620 “
186 2609 247 2650 Ad
276 2622 400 2662 sepes
430 2608 643 2649 umbrosas
670 2621 797 2663 prope
813 2609 923 2649 Yrun
955 2612 996 2648 et
1022 2609 1119 2649 alibi
1137 2610 1176 2649 in
1195 2608 1427 2648 Cantabria.
1458 2608 1569 2663 Majo
1587 2621 1619 2648 c.
1637 2607 1727 2648 flor.

104 2704 107 2706 >
185 2679 278 2718 919.
339 2675 425 2716 Eu.
441 2687 615 2725 procera
630 2675 684 2716 Μ.
708 2675 756 2717 Β.
787 2671 830 2721 β.
849 2677 1116 2727 trz'chocarpa
1143 2674 1298 2717 Koch.
1330 2676 1430 2729 Syn.
1449 2674 1510 2715 ΕΙ.
1528 2687 1657 2730 germ.
1674 2674 1726 2715 11.

72 2768 126 2775 —
156 2743 214 2784 Pl.
247 2756 332 2784 exs.
365 2742 457 2785 coll.
489 2755 578 2782 ven.
609 2756 649 2783 n.
682 2745 749 2784 56.

181 2808 228 2850 In
258 2810 366 2850 valle
395 2809 447 2850 de
464 2808 621 2863 Loyola
652 2823 778 2868 prope
811 2810 854 2851 S.
873 2810 1095 2855 Sebastian
1125 2811 1307 2870 copiose,
1335 2811 1529 2864 caespites
1555 2821 1728 2867 magnas

73 2877 264 2922 formans.
323 2876 435 2937 Majo
466 2890 500 2918 c.
532 2876 619 2919 flor.

1425 2953 1493 2992 18*
