1867 3215
141 59 238 108 us

138 200 240 242 pesa
277 192 401 244 atque
438 189 479 229 in
524 186 707 231 Castana
746 194 887 231 vetere
926 190 1034 230 inter
1071 190 1331 238 Penaranda,
1378 188 1492 231 Avila
1532 194 1572 229 et
1610 191 1784 247 LubaJos

135 255 263 295 silvas
291 255 484 295 formans.
546 256 631 296 Oct.
664 270 698 296 c.
731 257 849 299 fruet.
882 261 975 299 mat.

878 345 1046 387 Tamus.

244 423 338 463 977.
402 420 450 463 T.
481 425 650 464 baccata
679 424 722 465 L.
753 424 871 465 Endl.
903 425 930 464 l.
962 438 994 465 c.
1026 439 1064 478 p.
1096 428 1189 466 242.
1222 422 1352 465 Rchb.
1392 423 1447 466 Ic.
1480 425 1504 465 l.
1537 439 1571 466 c.
1603 424 1630 466 f.
1663 428 1787 470 1147.

249 488 295 528 In
322 486 486 529 fissuris
513 493 671 545 rupium
701 493 853 532 montis
883 492 1057 532 calcarei
1087 492 1199 532 Pena
1230 492 1421 545 Gorveya
1451 493 1492 533 in
1520 491 1701 546 Vizcayu
1736 492 1787 534 ad

136 555 205 596 alt.
237 569 269 599 c.
300 558 427 597 4000‘
457 570 634 610 perraro.
693 558 741 599 In
770 559 1074 612 Pyrenaeorum
1104 560 1211 599 valle
1243 559 1346 600 Izas.

846 648 1057 700 Ephedra.

248 726 344 766 978.
406 724 658 780 E.vu19ar2·s
687 726 827 768 Rich.
861 742 900 767 αι,
919 730 1228 780 subtristachya
1251 730 1293 769 C.
1313 730 1356 771 Α.
1378 729 1567 783 Meyer.
1598 727 1785 784 Monogr.

139 789 315 845 predr.
347 806 384 845 p.
414 795 482 835 80.
514 793 581 842 (Ε.
613 794 826 849 distacbya
856 795 899 838 L.
931 794 1060 836 Rchb.
1099 796 1153 838 Ic.
1186 797 1209 836 l.
1241 811 1274 840 c.
1309 796 1336 837 f.
1370 799 1491 838 1148.
1521 820 1576 827 -
1605 796 1665 837 ΡΙ.
1698 809 1785 836 exs.

136 858 302 955 coll-'1¹1¹-
319 861 446 971 Ῑῗιέῖᾷ)
463 916 585 958 editis
615 919 724 959 circa
747 918 902 960 Molina
933 919 983 960 de
1000 920 1161 975 Aragon
1193 920 1362 974 passim,
1394 933 1430 959 v.
1463 933 1496 959 c.
1531 920 1638 959 inter
1656 917 1787 959 Cheru

139 986 181 1022 et
209 983 385 1032 Setiles3
415 984 593 1025 abundat
622 987 663 1026 in
694 986 900 1027 sabulosis
931 986 979 1027 ad
1010 987 1141 1028 lacum
1172 987 1365 1029 Albufera
1395 999 1520 1042 prope
1542 986 1785 1028 Valentiam.

138 1050 241 1105 Aug.
272 1064 304 1090 c.
336 1050 453 1094 fruet.
483 1056 577 1094 mat.

581 1183 870 1222 Monoeo
889 1187 1334 1230 tyledoneae.

782 1266 818 1305 A
832 1268 902 1306 lis
912 1278 953 1306 m
964 1279 991 1306 a
1004 1279 1025 1306 c
1036 1279 1058 1307 e
1068 1280 1093 1306 a
1105 1280 1138 1308 e.

225 1326 228 1329 ¹
250 1346 343 1385 979.
402 1342 565 1383 Alisma
609 1341 818 1399 Ptantayo
848 1346 892 1386 L.
955 1347 1108 1386 Forma
1152 1346 1429 1402 angustifolia.
1461 1347 1519 1388 ΡΙ.
1566 1361 1650 1389 exs.
1696 1350 1787 1390 coll.

141 1424 231 1452 ven.
264 1425 302 1451 n.
337 1414 429 1453 245.

255 1478 300 1519 In
337 1478 463 1519 fossis
494 1492 736 1532 pascuorum
768 1493 895 1534 prope
925 1479 1149 1532 Pamplona
1179 1480 1385 1535 frequens.
1446 1482 1572 1524 Junio
1603 1497 1635 1524 c.
1667 1483 1753 1525 flor.

774 1569 1165 1623 Juncaqineae.

256 1639 350 1678 980.
413 1635 659 1691 Triqlochin
687 1640 944 1677 maritimum
972 1638 1014 1678 L.
1045 1663 1098 1670 —
1130 1639 1190 1681 Pl.
1222 1652 1306 1679 exs.
1338 1639 1428 1681 coll.
1463 1654 1552 1682 ven.
1586 1655 1624 1682 u.
1643 1646 1709 1685 54.
1737 1667 1787 1673 -

141 1703 268 1746 Rchb.
299 1703 353 1746 Ic.
383 1703 445 1743 Fl.
477 1717 603 1759 germ.
635 1703 725 1745 Vll.
758 1704 784 1744 f.
812 1708 878 1746 93.

252 1770 297 1811 ln
328 1770 534 1811 inundatis
563 1771 613 1811 ad
643 1772 755 1825 ripas
785 1772 997 1812 fluviorum
1030 1771 1273 1814 Cantabriae
1303 1775 1479 1828 passim:
1522 1777 1562 1815 in
1603 1777 1711 1818 valle
1739 1777 1790 1820 de

142 1838 298 1893 Loyola
327 1852 454 1893 prope
484 1839 527 1879 S.
562 1838 799 1890 Sebastian,
831 1854 956 1894 prope
987 1841 1111 1891 Yrun,
1142 1840 1298 1881 Bilbao.
1328 1841 1437 1897 Majo
1470 1856 1501 1883 c.
1536 1842 1621 1884 flor.
1676 1861 1680 1863 ·

815 1929 1106 1980 Najadeae.

253 2011 348 2050 981.
406 2006 703 2062 Potamoqecon
731 2013 885 2048 natans
914 2009 957 2049 L.

254 2075 300 2115 ln
333 2076 418 2115 rivo
450 2075 569 2115 Gallo
599 2080 723 2129 atque
754 2078 793 2116 in
825 2076 949 2117 fossis
981 2091 1106 2133 prope
1138 2077 1293 2118 molina
1322 2077 1372 2118 de
1403 2079 1575 2134 Aragon.

252 2146 347 2185 982.
410 2140 461 2182 P.
494 2145 726 2182 undulatos
754 2143 799 2184 L.

253 2209 298 2249 ln
341 2209 463 2249 fluvio
496 2210 603 2249 Ausa
647 2224 774 2264 prope
818 2212 975 2251 Bilbao.
1037 2211 1146 2266 MaJo
1177 2212 1332 2266 absque
1364 2212 1402 2252 fl.

256 2281 349 2319 983.
411 2276 701 2316 Zannichellia
727 2281 930 2327 palustris
962 2279 1003 2319 L.
1035 2302 1089 2310 —
1118 2279 1177 2318 Pl.
1211 2293 1296 2318 exs.
1329 2280 1418 2320 coll.
1450 2293 1538 2321 ven.
1573 2293 1610 2322 n.
1646 2285 1736 2324 130.

259 2346 303 2385 ln
335 2345 477 2385 rivulis
507 2345 686 2399 limpidis
718 2359 843 2399 prope
873 2345 1028 2385 Bilbao.
1061 2345 1170 2400 Majo
1201 2360 1232 2385 c.
1266 2347 1351 2386 flor.

255 2416 346 2455 984.
408 2410 639 2451 Posidonia
672 2411 838 2451 Caulini
869 2414 987 2452 Κὸη.
1021 2414 1205 2463 (Zostera
1235 2415 1428 2454 oceunica
1456 2414 1516 2465 L.)

257 2480 313 2520 Ad
344 2480 481 2519 littora
511 2480 744 2519 cantabrica
772 2482 940 2534 passim,
973 2493 1008 2519 v.
1043 2494 1074 2519 c.
1107 2493 1233 2535 prope
1264 2481 1624 2523 Castro-Urdiales.
1675 2480 1785 2538 maj«)

144 2549 299 2602 absque
329 2547 415 2586 flor.

824 2615 1101 2654 Aroideae.

251 2695 344 2734 985.
403 2692 537 2732 Arum
566 2695 819 2732 maculatum
850 2693 890 2733 L.

259 2759 444 2800 Abundat
474 2759 523 2800 ad
553 2773 689 2813 sepes,
735 2774 893 2810 muros,
943 2761 1079 2801 fossas
1123 2761 1304 2813 locisque
1351 2758 1570 2815 pinguibus
1613 2759 1786 2801 humidis

148 2828 350 2868 umbrosis
382 2827 639 2877 Cantabriue‚
672 2841 706 2866 v.
739 2842 769 2867 c.
804 2829 910 2867 circa
941 2829 1049 2868 Yrun
1081 2828 1257 2880 copiose.
1295 2826 1404 2879 Majo
1437 2841 1468 2868 c.
1501 2825 1585 2866 flor.
