1867 3215
177 90 267 136 12⁰

282 218 380 258 827.
441 216 484 255 S.
516 227 707 268 punyens
742 214 925 256 Benth.
958 218 981 260 l.
1015 232 1046 258 c.
1081 232 1116 271 p.
1148 220 1239 259 443.
1285 243 1334 247 ——
1383 219 1438 258 l‘l.
1475 231 1559 260 eas.
1602 219 1690 259 coll.
1723 233 1811 259 ven.

171 294 207 324 u.
239 284 328 323 400.

281 348 336 389 Ad
370 351 577 389 vinearum
607 350 815 404 margines
847 364 972 405 prope
989 351 1094 393 Bera
1126 354 1164 392 in
1183 353 1387 407 Aragonia
1419 351 1610 392 inferiore
1634 353 1812 405 copiose,

169 416 346 456 abundat
376 417 415 456 iu
447 417 656 457 sterilibus
687 416 852 456 incultis
882 418 1083 473 glareosis
1114 421 1219 459 inter
1249 419 1376 459 colles
1405 418 1553 458 Puerto
1584 418 1633 458 de
1655 418 1813 458 Daroca

169 489 208 522 et
240 496 384 537 pagum
408 482 608 537 laayunta,
639 485 846 538 praecipue
877 486 917 524 iu
950 486 1133 539 planitie,
1165 487 1233 527 ubi
1263 486 1376 525 lacus
1406 485 1543 524 salsus
1568 485 1734 540 Lagona
1765 484 1814 524 da

167 550 408 590 Gallocanta
438 552 542 602 situs
575 554 650 590 est.
711 550 838 600 Julio,
872 552 969 607 Aug.
1001 566 1034 592 c.
1068 553 1153 593 flor.
1188 557 1228 592 et
1258 552 1303 592 fr.

276 619 371 658 828.
432 615 477 658 S.
508 618 672 657 hirsuta
702 617 745 659 L.
780 617 926 659 Bentb.
961 619 985 658 l.
1017 633 1049 659 c.
1084 634 1120 674 p.
1153 623 1246 661 444.
1288 643 1333 650 -
1380 618 1436 660 Plv
1472 631 1555 659 exs.
1597 617 1688 659 coll.
1721 629 1809 658 ven.

166 697 204 724 n.
239 687 331 724 225.

278 749 323 789 ln
354 751 533 804 pascuis,
565 749 614 789 ad
645 751 760 797 vias,
794 752 832 790 in
871 753 982 806 agris
1021 754 1059 792 in
1102 753 1207 793 valle
1247 753 1358 792 fluvii
1389 753 1495 806 Arga
1541 752 1580 791 in
1622 751 1813 799 Navarra,

167 817 218 857 ad
247 817 411 857 fluvium
443 818 601 870 Aragon
630 822 671 858 et
701 818 797 857 alibi
830 820 868 858 in
901 820 1116 874 Aragonia.
1177 820 1301 861 Junio
1333 833 1365 858 c.
1399 817 1484 857 flor.

279 885 371 924 Var.
405 883 693 938 anqustif'olia.
738 885 911 925 Humilis
942 886 1031 925 basi
1071 886 1187 926 valde
1226 885 1509 934 suffruticosa,
1555 886 1679 924 ramis
1723 897 1810 938 pro·

171 951 455 1005 cumbentibus
486 951 832 992 adscendentibus
862 946 974 1006 saepe
1005 953 1209 1008 elongatis
1240 949 1507 1004 simplicibus,
1539 951 1812 1006 subadpresse

171 1019 584 1059 tomentoso-villosis
613 1024 706 1064 (nec
738 1021 1021 1072 patentissime
1053 1022 1227 1060 molliter
1255 1019 1413 1058 villosis
1443 1022 1486 1058 ut
1517 1019 1556 1056 in
1591 1018 1728 1071 planta
1743 1031 1813 1072 ge-

167 1088 335 1135 nuina);
378 1085 488 1125 foliis
519 1086 926 1125 lineari-lanceolatis
955 1099 1100 1142 grosse
1130 1086 1332 1133 dentatis3
1378 1085 1545 1124 floribus
1575 1085 1811 1139 majoribus,

169 1154 347 1193 bracteis
377 1166 524 1209 grosse
554 1157 596 1193 et
623 1151 824 1207 profunde
854 1152 1055 1202 dentatis,
1086 1153 1275 1193 dentibus
1305 1152 1593 1205 calycibusque
1616 1153 1811 1205 spinosis,

167 1221 300 1260 minus
332 1221 490 1260 villosis
521 1233 638 1274 quam
673 1221 712 1259 in
745 1220 883 1274 planta
913 1221 1105 1276 genuina.
1177 1220 1235 1261 Pl.
1270 1233 1354 1260 exs.
1388 1218 1479 1258 coll.
1522 1231 1611 1259 ven.
1652 1231 1688 1257 n.
1728 1220 1810 1260 257

165 1287 314 1342 (quoad
344 1289 512 1341 stirpem
542 1287 781 1338 navarram).

273 1354 319 1395 In
352 1355 580 1411 margaceis
610 1354 820 1394 sterilibus
850 1354 1043 1409 agrisque
1073 1353 1281 1409 argillosis
1309 1365 1434 1408 prope
1464 1364 1610 1407 pagum
1631 1351 1810 1392 Liedens

163 1422 202 1461 in
233 1422 412 1462 Navarra
442 1427 564 1476 atque
595 1435 721 1477 propa
752 1421 931 1461 thermas
957 1421 1144 1461 Tiermes
1173 1421 1224 1461 ad
1255 1420 1417 1460 fluvium
1449 1420 1623 1474 Aragon.
1684 1419 1808 1459 Junio

163 1500 196 1528 c.
229 1487 316 1528 flor.

276 1554 369 1594 obs.
430 1555 574 1595 Planta
604 1554 690 1595 fere
722 1554 962 1594 intermedia
994 1555 1098 1594 inter
1117 1553 1387 1593 &hirsutam
1416 1554 1634 1608 genuinam
1651 1556 1692 1592 et
1717 1565 1808 1606 spe-

163 1623 264 1662 ciem
297 1627 550 1676 sequentem,
584 1635 753 1676 quacum
785 1635 809 1661 a
838 1635 903 1662 me
934 1624 974 1661 in
1005 1620 1211 1661 schedulis
1243 1621 1412 1674 plantav.
1445 1621 1592 1659 exsicc.
1630 1632 1806 1659 commu-

162 1694 246 1729 tata
276 1695 353 1729 est.

272 1760 365 1798 829.
428 1756 473 1797 S.
506 1757 775 1796 Cavanillesii
804 1755 919 1811 Lag.
959 1768 1050 1796 nov.
1084 1768 1178 1809 gen.
1210 1758 1250 1794 et
1280 1768 1342 1808 sp.
1374 1767 1411 1795 n.
1433 1756 1524 1794 235.
1556 1775 1606 1783 --
1639 1752 1697 1793 Pl.
1720 1766 1805 1792 exs.

163 1823 254 1863 coll.
288 1837 377 1864 ven.
412 1838 450 1864 n.
482 1828 577 1874 257,
624 1824 756 1878 quoad
794 1826 962 1877 stirpem
1004 1823 1324 1878 aragonensem!
1372 1846 1421 1853 -
1469 1821 1511 1861 S.
1554 1819 1805 1860 scordioides

165 1891 260 1931 Cav.
294 1892 424 1931 Prael.
458 1905 496 1931 n.
529 1895 611 1933 776
642 1905 692 1931 ex
722 1892 934 1942 autopsia!
967 1891 1007 1931 S.
1027 1889 1182 1930 hirsuta
1211 1888 1256 1942 β.
1276 1885 1700 1928 CavanillesiiBentb.
1731 1887 1754 1927 l.
1775 1899 1808 1926 c.

276 1959 320 1998 ln
351 1959 562 1999 sterilibus
592 1959 802 2014 argillosis
831 1962 1110 2011 quercetorum
1144 1958 1182 1996 in
1215 1956 1384 2008 planitie
1414 1953 1525 1994 arida
1557 1955 1661 1994 inter
1678 1966 1806 2008 pagos

165 2027 270 2066 Sasu
301 2030 339 2065 et
372 2027 527 2066 Gurrea
558 2027 598 2065 in
631 2026 834 2079 Aragonia
865 2023 1058 2064 inferiore
1090 2025 1267 2077 copiose.
1327 2022 1409 2062 Jul.
1441 2035 1473 2063 c.
1505 2020 1550 2060 fr.

277 2093 372 2134 00³.
405 2094 577 2146 Species
609 2106 658 2132 ex
687 2105 779 2132 mea
809 2090 968 2144 quidem
998 2091 1202 2130 sententia
1234 2090 1339 2129 bona
1370 2101 1393 2127 a
1424 2088 1471 2127 cl.
1504 2087 1636 2142 Laga
1651 2100 1736 2126 sca
1765 2092 1805 2126 et

164 2160 479 2200 Cavauilles
512 2160 535 2199 l.
557 2174 590 2199 c.
623 2160 727 2198 bene
757 2158 975 2211 descripta,
1009 2170 1031 2195 a
1065 2155 1109 2194 S.
1140 2158 1305 2195 hirsuta
1335 2155 1518 2194 caulibus
1549 2154 1676 2194 dense
1706 2168 1806 2194 cres-

166 2228 311 2279 pitosis
343 2228 521 2275 strictis,
550 2226 819 2282 '(plerumque
848 2227 914 2263 vix
945 2223 1177 2277 pedalibus)
1199 2224 1296 2281 ,basi
1328 2222 1445 2262 valde
1478 2223 1663 2276 lignosis,
1709 2222 1805 2261 cris·

164 2295 534 2346 pato-tomentosis,
566 2293 676 2332 soliis
708 2295 883 2345 anguste
915 2290 1138 2330 linearibus
1179 2291 1366 2342 utrinque
1405 2288 1547 2328 dentes
1583 2292 1608 2328 2
1640 2287 1806 2327 obtusos

163 2361 427 2414 gerentibus,
459 2373 581 2413 supra
613 2358 809 2398 viridibus
840 2370 983 2411 sparse
1015 2357 1178 2410 pilosis,
1220 2357 1363 2396 subtus
1394 2357 1805 2395 incano-tomentoso-

162 2427 334 2476 villosis,
366 2428 493 2479 spicis
523 2439 603 2465 non
636 2427 714 2464 nisi
745 2427 854 2465 3—6
885 2424 1195 2463 verticillastros
1228 2436 1374 2476 parvos
1408 2422 1621 2462 distinctos
1661 2434 1804 2474 geren·

165 2494 285 2538 tibus,
313 2494 489 2532 bracteis
520 2491 961 2531 cordato-orbiculatis
992 2490 1201 2544 eleganter
1231 2496 1272 2529 et
1302 2491 1477 2529 tenuiter
1500 2487 1802 2542 spinoso-den·

161 2561 257 2599 tatis
286 2559 654 2614 glabrescentibus,
687 2557 854 2597 floribus
885 2558 1035 2609 parvis,
1064 2557 1227 2596 corollis
1259 2557 1438 2609 calycem
1470 2557 1532 2595 vix
1574 2555 1799 2608 superanti-

160 2627 234 2667 bus
266 2627 440 2680 aliisque
471 2625 772 2666 characteribus
803 2625 993 2664 distincta
1022 2629 1096 2664 est.

270 2695 363 2733 830.
425 2692 469 2733 S.
502 2698 698 2732 montona
730 2692 770 2732 1..
803 2692 945 2732 Bentb.
980 2693 1003 2731 l.
1037 2706 1067 2731 c.
1101 2705 1137 2745 p.
1171 2693 1262 2731 446.
1299 2711 1347 2719 --—
1378 2690 1435 2730 Pl.
1470 2703 1554 2730 exs.
1587 2688 1676 2728 coll.
1711 2701 1798 2728 ven.

161 2773 199 2800 u.
230 2762 323 2801 475.
1760 2751 1765 2753 ¹

274 2827 316 2864 ln
349 2828 459 2882 agris
492 2826 699 2867 derelictis
731 2840 856 2882 prope
888 2839 1034 2880 pagum
1065 2826 1230 2865 Sarrion
1262 2827 1301 2864 in
1325 2824 1525 2879 Aragonia
1552 2821 1719 2862 australi
1750 2818 1798 2859 ad

162 2894 230 2934 alt.
262 2908 293 2933 c.
329 2896 454 2935 3500‘
484 2896 659 2948 copiose.
723 2897 821 2950 Aug.
856 2909 887 2934 c.
922 2895 1005 2934 flor.
1040 2898 1081 2933 et
1111 2892 1157 2932 fr.
