1867 3215
1576 94 1670 141 143

23 220 210 262 dionales
241 223 284 261 et
310 218 655 273 septentrionales
686 220 841 259 tractus
873 219 1070 259 montium
1102 218 1342 259 neutralium
1373 218 1436 267 (in
1455 218 1596 258 Sierra
1625 218 1675 259 de

24 286 303 328 Guadarrama
330 299 461 340 nsque
491 284 541 326 ad
570 287 727 336 5000‘),
760 287 968 340 praecipue
997 287 1039 326 in
1070 289 1186 340 parte
1217 284 1473 334 occidentali,
1505 284 1572 324 ubi
1603 285 1673 324 sil·

24 367 98 394 vas
128 357 323 394 extensas
352 355 393 394 in
425 357 596 407 utroque
626 353 822 392 montium
854 353 985 393 latere
1015 351 1171 401 efficit,
1214 354 1254 392 in
1284 351 1579 393 Extremadura
1609 365 1676 391 su-

22 422 184 475 periore
213 422 254 461 in
284 421 403 460 silvis
432 419 482 460 ad
510 419 676 459 fluvium
708 419 850 459 Tietar
878 443 933 451 -
972 421 1087 474 Sept.
1119 420 1205 461 Oct.
1237 434 1271 460 c.
1303 418 1351 461 fr.
1381 424 1500 469 mat,
1541 443 1587 452 -
1634 421 1675 458 in

24 488 164 528 Sierra
192 487 360 528 Nevada
386 487 437 527 ad
464 486 533 527 alt.
565 486 788 527 3—60001.

136 557 232 596 945.
293 554 368 603 Qu.
397 554 622 593 lusitanica
651 551 815 595 Lamk.
863 566 902 595 α.
939 551 1116 606 fayinea
1154 553 1329 596 Boias.
1368 566 1458 607 voy.
1505 553 1603 608 Esp.
1633 567 1674 607 p.

26 623 118 663 575.
131 619 154 660 Ῥ
182 620 331 660 Forma
359 617 657 674 microphylla?

136 687 181 728 ln
212 688 447 728 nemoribus
477 688 549 738 0u.
581 687 719 727 Tozae
749 687 856 727 inter
882 685 1037 727 Molina
1067 686 1118 726 de
1141 687 1303 742 Aragon
1335 693 1376 727 et
1394 686 1565 737 Pardos
1596 686 1677 728 fru-

24 756 128 795 tices
155 754 467 796 arborescentes
498 753 691 794 formans.
751 753 865 794 Julio
896 753 1052 817 absque
1078 752 1195 794 fruct.

133 814 180 868 β.
210 824 371 862 baetica
399 821 570 863 Webb
602 821 630 862 l.
651 834 685 861 c.
717 835 755 872 p.
776 825 839 862 12.
869 820 959 873 (Qu.
978 819 1257 862 australist.
1277 821 1453 875 Spreng
1475 821 1588 874 Syst.
1600 820 1673 860 Ill.

24 891 187 943 p..861
193 889 207 942 )

134 955 183 996 In
213 955 331 996 silvis
361 956 567 1008 quercinis
595 954 917 996 Extremadurae
957 955 1186 1009 superioris
1227 954 1278 995 ad
1318 954 1485 995 fluvium
1521 954 1676 995 Tietar.

25 1024 110 1065 Oct.
142 1037 175 1066 c.
206 1022 323 1064 fruct.
360 1027 455 1064 mat.

134 1093 228 1132 946.
275 1086 370 1139 Qu.
403 1092 622 1142 hispanica
652 1088 808 1130 Lamk
835 1088 858 1129 P
887 1089 1033 1130 Webb.
1066 1088 1092 1129 l.
1125 1103 1159 1129 c.
1191 1102 1229 1143 p.
1264 1092 1328 1130 13.

136 1157 182 1198 In
228 1158 429 1198 valleculo
477 1159 583 1199 inter
628 1156 808 1198 Liedena
851 1160 893 1197 et
936 1157 1045 1198 Yesa
1093 1157 1135 1196 in
1172 1157 1353 1197 Navarra
1392 1157 1432 1196 in
1474 1157 1679 1197 consortio

25 1223 191 1266 Fraxini
222 1224 526 1281 angustifoliae,
558 1227 599 1266 in
631 1225 739 1266 valle
770 1224 883 1265 fluvii
915 1225 1075 1280 Aragon
1116 1236 1245 1279 prope
1282 1224 1470 1264 Tiermes
1510 1227 1551 1263 et
1581 1222 1680 1263 alibi

23 1293 64 1333 in
93 1291 402 1334 Extremadurae
432 1294 658 1346 superioris
675 1292 793 1332 silvis
812 1293 993 1346 copiose,
1024 1290 1098 1332 sed
1115 1304 1280 1346 semper
1295 1290 1451 1344 absque
1468 1290 1677 1331 fructibus.

133 1362 226 1402 947.
287 1360 366 1409 Qu.
397 1358 494 1400 Iceoe
524 1360 567 1403 [ι.
599 1360 744 1400 Webb.
777 1359 802 1400 l.
836 1373 869 1399 c.
901 1373 939 1413 p.
976 1361 1040 1399 14.

131 1426 236 1467 Hinc
266 1427 361 1467 inde
391 1429 432 1467 in
464 1427 705 1475 Cantabria,
737 1439 772 1466 v.
807 1440 838 1467 c.
871 1440 997 1481 prope
1036 1426 1172 1476 Yrun,
1214 1425 1426 1479 Oyarzun,
1467 1424 1677 1478 Durango,

22 1491 183 1544 Bilbao,
214 1493 340 1534 Junio
371 1509 404 1537 c.
433 1494 521 1535 flor.
553 1493 697 1547 (forma
727 1493 1019 1548 macrophylla,
1051 1492 1162 1533 foliis
1192 1493 1505 1547 integerrimis),
1536 1492 1578 1530 in
1600 1491 1676 1530 Na·

25 1572 144 1601 varra
193 1561 427 1602 australiori
476 1566 518 1602 et
554 1562 760 1616 Aragonia
801 1561 884 1600 alta
929 1561 1109 1615 passim3
1154 1560 1195 1599 in
1241 1560 1445 1615 Aragonia
1484 1557 1678 1598 inferiore

2 1640 188 1668 ‘nemora
216 1628 425 1684 silvasque
453 1628 650 1678 formans,
682 1640 717 1668 v.
751 1641 784 1668 c.
817 1628 924 1668 inter
953 1628 1060 1668 Sasa
1091 1630 1132 1667 et
1161 1626 1322 1667 Gurrea
1351 1625 1498 1678 (forma
1528 1626 1676 1665 micro-

24 1694 179 1748 phylla,
210 1694 321 1735 foliis
350 1697 628 1751 integerrimis
656 1708 781 1750 supra
802 1694 1156 1748 'canescentibns),
1187 1695 1228 1734 in
1259 1693 1434 1734 collibus
1460 1693 1609 1733 Puerto
1627 1691 1676 1732 de

25 1762 69 1803 S.
99 1760 250 1802 Martin
280 1766 321 1803 et
348 1763 393 1806 P.
424 1763 474 1804 de
503 1764 664 1804 Daroca
690 1764 798 1803 circa
825 1762 1013 1816 Layunta
1042 1765 1144 1810 etc.3
1190 1763 1231 1801 in
1277 1765 1448 1815 utraque
1468 1759 1677 1800 -Gastella

25 1828 166 1868 multis
194 1828 322 1878 locis3
367 1829 545 1871 abundat
587 1831 627 1870 in
659 1829 954 1871 Extremadura
998 1830 1232 1883 superiore,
1273 1828 1341 1869 ubi
1382 1828 1423 1868 in
1468 1828 1676 1867 consortio

29 1894 102 1945 Qu.
133 1895 305 1936 Suberis
334 1896 462 1938 silvas
490 1901 685 1938 extensas
715 1896 862 1938 format
899 1900 1022 1951 atque
1051 1897 1093 1936 in
1123 1909 1252 1952 regno
1283 1894 1548 1950 Legionensi.
1591 1894 1676 1935 Oct.

22 1976 56 2005 c.
86 1962 203 2005 fruct.
233 1967 330 2004 mat.

35 2046 44 2053 ⁶
131 2033 225 2073 948.
287 2030 365 2080 Qu.
398 2028 537 2070 Suber
563 2031 607 2074 L.
636 2031 783 2072 Webb.
813 2031 840 2071 l.
872 2045 905 2072 c.

136 2096 184 2138 In
202 2097 422 2138 Cantabria
450 2098 557 2138 inter
582 2097 777 2153 Durango
808 2101 850 2138 et
879 2097 1024 2138 Bilbao
1065 2109 1234 2139 nemora
1264 2094 1472 2145 formans3
1502 2092 1681 2135 abundat

25 2163 67 2204 in
96 2162 392 2205 Extremadura
421 2165 646 2218 superiore.
707 2167 792 2207 Oet.
824 2178 856 2206 c.
892 2164 1009 2206 fruct.

52 2255 57 2263 1
137 2232 232 2273 949.
292 2230 370 2280 Qu.
402 2229 613 2280 coccifera
642 2231 686 2273 L.
717 2229 864 2272 Webb.
905 2231 931 2274 l.
963 2244 997 2271 c.
1039 2245 1078 2284 p.
1114 2233 1178 2272 15.
1220 2227 1339 2270 van?
1379 2230 1678 2281 brachycarpa,
1740 2249 1767 2267 .-

25 2296 227 2339 fructibus
253 2298 401 2349 ovatis‚
433 2297 621 2352 cupulam
652 2299 774 2354 paulo
811 2297 1116 2353 superantibus.

135 2363 194 2405 Ad
224 2365 356 2406 lacum
386 2363 578 2405 Albufera
607 2379 735 2420 prope
765 2365 1011 2406 Valentiam.
1071 2365 1172 2419 Aug.
1203 2376 1238 2404 c.
1269 2361 1387 2403 fruct.
1418 2365 1512 2403 mat.
1565 2361 1679 2403 Inter

23 2430 230 2472 Alconada
259 2435 300 2472 ot
327 2430 570 2473 Penaranda
599 2433 641 2472 in
672 2431 854 2473 Castella
883 2435 1038 2472 vetere.

137 2498 232 2538 Oba.
299 2497 504 2539 Ulteriora
547 2497 600 2539 de
638 2499 875 2550 Quercubus
913 2497 1138 2553 hispanicis
1188 2498 1230 2538 in
1269 2501 1395 2551 opere
1433 2497 1589 2552 majore
1627 2495 1679 2537 de

25 2565 242 2606 itineribus
271 2566 376 2606 meis
405 2565 447 2605 in
462 2564 663 2621 Hispania
692 2565 926 2607 australiori
957 2568 998 2606 et
1013 2563 1227 2606 Lusitania
1256 2563 1377 2605 factis
1407 2575 1500 2604 mox
1519 2562 1677 2604 edendo

23 2644 238 2686 exponam.

362 2750 365 2752 ,
755 2697 947 2751 Corybas.

135 2767 230 2807 ⁹5⁰.
290 2763 334 2806 0.
365 2765 559 2805 avellana
584 2762 627 2806 L.
702 2786 704 2789 ·

56 2827 79 2831 ”
137 2830 185 2871 In
217 2829 452 2883 Cantabria,
482 2831 687 2888 Navarra,
706 2831 913 2886 Aragonia
942 2830 1035 2872 hinc
1065 2830 1160 2872 inde
1191 2845 1265 2880 --;
1309 2842 1383 2885 per
1422 2832 1546 2870 totam
1584 2831 1676 2872 ssis-

26 2895 190 2953 paniam
222 2897 418 2948 (abundat
444 2900 553 2942 circa
580 2897 829 2956 Tarragona·
853 2898 1149 2947 Catalauniae).
