1867 3215
1617 84 1680 126 55

148 205 193 247 ln
224 206 481 257 rupestribus
515 205 712 245 calcareis
741 207 857 260 juxta
886 207 1161 247 sanctuarium
1180 206 1410 248 S.Marcial
1430 220 1555 261 prope
1570 207 1681 247 Yrun

36 276 77 312 et
108 273 148 312 in
180 274 382 313 muscosis
412 274 592 328 irrigatis
621 273 662 311 in
696 273 802 312 valle
832 273 944 312 fluvii
973 273 1176 314 Bidassoa
1212 276 1344 314 rarius
1384 273 1530 320 (forma
1570 274 1682 313 elon-

34 344 130 393 gata
160 338 346 389 diffusa),
389 341 430 380 in
459 339 628 393 rupibus
657 339 1112 394 arenario-ferrugineis
1141 342 1292 394 apricis
1323 354 1450 394 prope
1479 342 1683 394 Sopuerta

39 408 82 447 in
111 407 290 459 Vizcaya
320 408 487 461 copiose
516 405 662 453 (forma
691 405 973 453 condensata).
1033 399 1165 462 Μῇοζ
1189 407 1317 448 Junio
1345 422 1378 447 c.
1413 407 1499 447 flor.
1544 450 1554 454 ,

144 476 237 515 377.
301 471 344 512 S.
375 475 660 525 dasyphyllum
677 471 720 512 L.
754 468 799 523 β
829 474 1157 524 ylanduliferum
1189 475 1310 514 Gren.
1345 474 1465 515 Godr.
1498 475 1524 514 l.
1557 488 1590 517 c.
1622 475 1683 516 Pl.

34 553 120 580 exs.
153 540 243 580 coll.
277 553 364 580 ven.
396 554 434 582 n.
467 543 560 582 418.
592 541 654 587 (S.
684 540 1000 594 glanduliferum
1033 541 1179 589 Guss.)

145 606 190 646 ln
223 605 384 647 fissuris
414 609 572 661 rupium
604 609 881 648 arenariarum
911 608 1114 647 umbrosis
1145 607 1319 648 humidis
1345 610 1461 663 juxta
1490 613 1679 649 sanctua-

31 674 133 713 rium
164 673 209 712 N.
242 675 283 714 S.
328 672 393 714 del
423 673 624 728 Moucayo
664 676 704 714 in
745 679 880 715 monte
912 675 1095 729 ejusdem
1128 676 1304 714 nominis
1335 677 1437 715 satis
1468 675 1677 730 frequens,

30 739 114 780 Jul.
148 754 181 781 c.
214 739 253 783 fl.

140 810 232 849 378.
297 807 342 848 S.
376 807 644 857 brevifolium
674 809 762 849 Dc.
794 808 853 849 Pl.
886 822 972 848 exS.
1007 808 1098 850 coll.
1129 821 1219 848 ven.
1252 822 1292 848 n.
1325 811 1418 850 415.

140 873 186 913 Iu
229 877 486 928 rupestribus
525 876 810 931 glareosisque
848 877 890 915 in
921 875 1050 915 latere
1081 877 1327 930 aragonensi
1358 877 1509 915 montis
1541 876 1681 916 Sierra

29 940 79 980 de
110 940 311 994 Moncayo
343 942 437 982 inde
467 956 491 982 a
520 946 628 984 2500
660 956 790 996 usque
821 942 870 982 ad
900 944 1026 984 4ooo‘
1056 944 1251 996 copiose;
1295 944 1426 982 rarius
1468 944 1507 982 in
1540 943 1679 983 Sierra

29 1007 79 1047 de
109 1007 388 1048 Guadarrama
419 1023 576 1049 summo
607 1011 817 1049 cacumine
847 1010 1050 1049 Penalara
1077 1009 1210 1059 dicto,
1251 1014 1292 1050 et
1328 1012 1367 1049 in
1394 1012 1496 1065 jugo
1529 1012 1677 1051 Puerto

30 1074 80 1114 de
114 1074 329 1115 Reventon
361 1076 410 1116 ad
440 1077 508 1116 alt.
541 1091 574 1117 e.
607 1079 912 1118 6000-7700‘.
944 1076 1026 1116 Jul.
1060 1090 1093 1116 c.
1125 1076 1213 1116 flor.
1246 1077 1362 1130 Sept.
1395 1091 1427 1116 c.
1461 1077 1509 1117 fr.

141 1142 236 1185 obs.
294 1144 438 1183 Planta
476 1131 748 1196 in⁹Moncayo
787 1143 899 1183 foliis
929 1157 1041 1197 saepe
1071 1145 1234 1183 omnino
1266 1145 1482 1199 purpureis
1512 1144 1676 1199 gaudet.

139 1212 232 1253 379.
292 1208 338 1250 S.
371 1223 468 1249 acre
497 1209 540 1249 L.
603 1223 643 1252 α.
672 1214 901 1259 yenuz'num
930 1210 1051 1252 Godr.
1085 1212 1207 1251 Gren.
1241 1212 1266 1251 Ι.
1301 1226 1333 1252 c.
1366 1215 1460 1252 625.

139 1276 184 1316 ln
222 1279 334 1332 agris
374 1277 550 1318 desertis
590 1279 630 1317 in
671 1278 778 1318 valle
818 1277 930 1318 fluvii
961 1279 1123 1334 Aragon
1155 1280 1261 1319 inter
1288 1278 1445 1320 Molina
1474 1278 1523 1319 de
1553 1279 1678 1320 Artas

27 1348 68 1383 et
97 1344 213 1385 Jaca.
245 1345 370 1384 Junio
404 1359 436 1384 c.
470 1344 510 1385 fl.

138 1414 231 1453 380.
292 1410 337 1452 S.
370 1414 620 1451 altissimum
649 1413 786 1455 Poir.
818 1412 940 1453 Gren.
973 1412 1095 1452 Godr.
1129 1413 1153 1454 l.
1187 1427 1220 1456 c.
1252 1416 1345 1457 627.
1378 1414 1436 1454 Pl.
1470 1427 1554 1455 exs.
1585 1414 1676 1455 coll,

28 1492 117 1519 ven.
152 1493 189 1518 n.
225 1482 317 1520 392.
1423 1535 1427 1539 ἱ

137 1546 182 1586 lu
223 1547 409 1586 arenosis
449 1549 491 1586 et
520 1547 730 1586 sterilibus
761 1548 978 1602 Aragoniae
1009 1546 1217 1588 inferioris
1249 1549 1305 1595 (in
1338 1549 1540 1603 quercetis
1571 1549 1676 1588 inter

26 1613 132 1653 Sasa
163 1618 203 1653 et
233 1614 403 1664 Gurrea‚
436 1615 475 1653 in
508 1615 707 1653 sabinetis
738 1616 843 1654 inter
874 1614 1091 1655 Pozondon
1119 1621 1159 1655 et
1190 1614 1347 1663 Gelda),
1383 1616 1576 1656 Castellae
1607 1629 1677 1655 no·
1726 1610 1732 1617 ’

14 1690 102 1720 vae
131 1682 188 1727 (in
221 1682 372 1733 pinetis
401 1681 607 1721 Serraniae
644 1681 693 1720 de
724 1682 907 1732 Cueuca,
946 1683 987 1722 in
1019 1683 1160 1723 Sierra
1199 1682 1249 1722 de
1279 1683 1556 1723 Guadarrama
1585 1684 1676 1723 loco

25 1747 174 1787 Puer-to
205 1747 254 1788 de
284 1746 520 1794 Reventt'm)
550 1753 591 1788 et
619 1748 923 1790 Extremadurae
954 1751 1017 1799 (in
1048 1752 1254 1803 quercetis
1284 1751 1390 1789 inter
1421 1750 1598 1790 calzada
1627 1750 1677 1790 de

28 1814 209 1869 Oropesa
241 1820 280 1856 et
309 1815 570 1863 Navamoral)
601 1818 768 1870 passim.
800 1816 883 1856 Jul.
917 1815 1018 1871 Aug.
1052 1831 1084 1857 c.
1117 1816 1202 1856 flor.
1236 1818 1321 1858 Oct.
1354 1831 1386 1857 c.
1419 1817 1466 1859 fr.

137 1885 230 1923 381.
294 1881 337 1922 S.
370 1885 677 1932 ampleoeicaule
706 1883 834 1926 Dec.
895 1884 1018 1924 Gren.
1052 1884 1175 1924 Godr.
1218 1884 1243 1924 1.
1277 1899 1310 1925 c.
1343 1887 1435 1926 628.
1495 1885 1554 1926 Pl.
1587 1898 1673 1927 eXS.

25 1949 116 1988 coll.
159 1961 249 1989 ven.
292 1964 331 1990 n.
370 1953 463 1992 407.
523 1951 851 2003 (Sempervivum
883 1951 1113 1992 anomalum
1142 1951 1243 2007 Lag.
1284 1965 1376 1992 nov,
1417 1965 1511 2007 gen.
1541 1966 1602 2006 sp.
1633 1966 1672 1992 n.

25 2019 141 2063 223.)

136 2082 183 2123 In
227 2083 437 2123 sterilibus
481 2085 610 2126 aridis
655 2089 936 2138 quercetorum
982 2087 1023 2126 in
1068 2086 1198 2126 latere
1241 2087 1488 2141 aragonensi
1527 2086 1676 2126 montis

26 2149 166 2190 Sierra
195 2149 244 2190 de
273 2150 474 2205 Moncayo
503 2152 552 2192 ad
582 2152 650 2195 alt.
683 2153 1052 2195 021500-2000‘,
1083 2153 1195 2194 Julio
1227 2167 1259 2196 c.
1291 2152 1377 2196 flor.

726 2218 965 2262 Umbilicus.

134 2287 228 2326 382.
293 2283 340 2327 U.
367 2287 624 2336 pendulinus
653 2287 876 2330 DeC.'Pl.
909 2301 992 2330 exs,
1024 2287 1115 2327 coll.
1148 2301 1238 2329 ven.
1269 2301 1306 2328 u.
1338 2290 1404 2329 98.

136 2351 323 2391 Abundat
367 2353 407 2391 in
453 2354 596 2403 tectis,
637 2356 762 2394 muris
805 2355 1054 2408 rupibusque
1085 2354 1260 2394 humidis
1291 2353 1522 2394 Cantabriae
1553 2357 1607 2399 (v.
1640 2364 1673 2390 c.

26 2416 194 2467 Bilbao,
227 2419 452 2472 Sopuerta,
485 2420 642 2469 Yrunj,
673 2421 866 2461 Navarrae
898 2421 1165 2474 (Pamplona,
1195 2420 1411 2468 Monreal),
1447 2420 1674 2474 Aragoniae

26 2483 160 2532 (Jaca,
191 2484 413 2539 Zamgoza,
445 2487 582 2540 Borja,
614 2487 801 2535 Ter-uel),
836 2488 1040 2527 Castellae
1071 2501 1202 2528 novae
1232 2489 1463 2542 (Requena,
1495 2487 1672 2535 Cuenca,

27 2549 262 2590 'rarrancon
292 2556 416 2602 etc.)‚
448 2555 564 2608 regni
595 2555 790 2594 valentini
822 2554 993 2602 metica,
1023 2555 1162 2605 Viver,
1193 2555 1394 2609 Segorbe‚
1424 2552 1672 2601 Murviedro‚

26 2615 183 2666 (liuva),
215 2616 522 2674 Extremadurae
555 2621 834 2669 (Navamoral,
865 2622 1112 2671 Plasencia),
1143 2624 1259 2677 regni
1279 2621 1551 2677 Legioneusis
1580 2619 1673 2670 (Re-

19 2683 109 2736 jar,
142 2684 242 2723 Alba
272 2684 322 2724 de
353 2686 548 2737 Tomos,
578 2688 863 2737 Salamanca)‚
895 2688 1089 2728 Castellae
1121 2691 1274 2729 veteris
1304 2689 1515 2743 (Segovia,
1548 2686 1590 2729 S,
1610 2686 1674 2727 ,ll-

10 2742 212 2800 defonso,
244 2751 404 2806 Burgos
435 2757 543 2800 etc.).
575 2753 685 2810 Majo
717 2768 747 2794 c.
780 2754 866 2794 flor.

135 2816 227 2858 obs.
289 2818 334 2858 ln
367 2820 564 2872 Hispania
594 2821 791 2869 australi,
823 2822 1030 2875 praecipue
1061 2824 1102 2862 in
1132 2822 1270 2862 littore
1299 2821 1550 2876 granatensi,
1586 2819 1673 2860 haec

23 2885 187 2936 species
221 2884 487 2927 desideratur.
552 2888 694 2928 Planta
734 2902 756 2928 e
787 2889 922 2931 littore
951 2890 1188 2948 granatensi
1233 2889 1283 2929 ab
1314 2888 1548 2929 auctoribus
1590 2886 1670 2926 lau-
