1867 3215
167 73 200 116 8

274 203 339 244 55.
399 197 442 239 0.
473 197 665 238 silvatica
694 194 773 239 Lk.
805 193 938 238 Rchh.
971 196 1027 237 lc.
1058 196 1086 238 l.
1118 209 1152 239 c.
1183 196 1211 239 f.
1240 199 1361 242 4003.
1392 197 1452 240 ΡΙ.
1479 210 1565 239 exs.
1598 198 1687 239 coll.
1719 211 1810 239 ven.

165 281 204 308 n.
236 269 303 309 38.

275 333 321 374 ln
350 331 498 382 fossis,
529 331 581 373 ad
610 345 736 386 sepes
766 330 981 373 umbrosas
1011 343 1137 386 prope
1167 332 1279 374 Yrun
1310 338 1350 373 et
1380 332 1477 373 alibi
1507 333 1548 373 in
1579 331 1812 374 Cantabria.

166 402 275 457 Majo
308 415 339 440 e.
371 399 410 441 ss.
443 402 483 439 et
513 397 561 439 fr.

274 472 338 510 56.
401 466 443 508 C.
473 467 685 518 pratensis
713 465 757 509 L.
791 465 921 508 Rchb.
954 465 1009 506 lc.
1042 466 1066 508 l.
1100 481 1133 510 c.
1165 466 1192 510 f.
1225 470 1348 511 4308.

275 535 320 576 ln
361 535 489 590 pratis
528 534 857 589 graminosisque
885 547 1010 588 prope
1041 534 1176 584 Ymn,
1218 534 1404 587 Oyarzun
1448 538 1488 575 et
1518 533 1615 575 alibi
1645 535 1686 574 in
1716 534 1813 575 Gui-

165 616 321 657 puzcoa
345 603 516 657 passim,
547 603 639 656 Apr.
672 616 706 643 c.
738 601 802 652 ss.;
833 603 873 642 in
902 601 1109 643 montibus
1138 614 1263 656 prope
1292 603 1402 644 Yrun
1433 606 1474 643 et
1503 603 1546 646 S.
1576 601 1813 653 Sebastiam,

166 669 275 726 Majo
306 684 339 712 c.
372 669 420 710 fr.

273 739 337 779 57.
398 736 442 777 0.
474 736 660 787 latifolia
689 734 830 777 Vahl.
891 736 973 778 Dc,
1013 735 1152 778 Prodr.
1186 736 1217 776 1.
1260 751 1296 791 p.
1341 741 1431 780 152.
1472 737 1535 785 (C.
1581 736 1811 778 chelidonia

167 803 280 847 Lam.
315 803 410 845 dict.
443 808 482 846 2.
514 818 550 857 p.
584 806 676 845 183.
708 816 789 844 non
819 803 882 849 L)
913 804 971 844 Pl.
1005 817 1090 844 exs.
1124 804 1214 844 coll.
1247 817 1337 844 ven.
1369 818 1408 845 ιι.
1442 808 1534 847 173.

280 870 338 912 Ad
379 871 534 912 rivulos
575 872 614 911 iu
656 872 822 925 pascuis
852 871 1081 925 subalpinis
1112 872 1261 911 montis
1292 871 1405 912 Pena
1434 872 1624 926 Gorveya
1651 872 1692 912 in
1722 871 1812 912 Viz-

166 952 267 992 caya
297 937 348 979 ad
378 939 447 982 alt.
478 952 511 979 c.
543 940 670 981 5000‘
698 939 933 978 rarissime!
973 937 1082 994 Majo
1115 952 1148 981 c.
1181 938 1244 988 ss.;
1275 939 1316 979 in
1347 940 1493 993 Pyren.
1525 942 1645 995 Arag.
1677 939 1729 979 ad
1757 940 1808 979 ri-

164 1006 281 1046 vulos
312 1007 403 1061 jugi
433 1007 582 1047 Puerto
623 1005 674 1047 de
705 1004 906 1045 Canfranc
946 1005 996 1045 ad
1027 1006 1094 1045 alt.
1125 1007 1252 1047 4500‘
1281 1011 1403 1060 atque
1433 1006 1484 1047 ad
1513 1011 1740 1047 cataractas
1769 1008 1810 1046 in

164 1073 269 1114 valle
298 1072 348 1113 de
378 1072 470 1113 Izas
500 1073 550 1113 ad
580 1074 648 1113 alt.
680 1074 806 1114 50010‘
835 1074 1005 1127 passim,
1038 1073 1163 1114 Junio
1195 1087 1228 1115 c.
1262 1073 1300 1114 ss.
1334 1079 1374 1114 et
1405 1073 1451 1114 fr.
1476 1074 1648 1130 juvenil.

273 1140 368 1180 obs.
418 1140 551 1192 Stirps
583 1139 824 1194 perpulchra
854 1139 1022 1180 floribus
1054 1141 1258 1194 speciosis
1285 1142 1516 1194 persicinis.
1575 1142 1837 1195 Specimina*

164 1207 395 1248 cantabrica
427 1205 594 1248 floribus
624 1207 848 1263 majoribus
879 1206 1059 1262 gaudent
1089 1220 1206 1261 quam
1237 1209 1469 1262 pyrenaica.

869 1274 1106 1315 Maccomsa.

275 1346 339 1385 58.
401 1341 460 1382 M.
491 1344 656 1382 littorea
685 1342 736 1384 R.
769 1341 836 1382 Br.
897 1342 1030 1384 Boiss.
1062 1355 1155 1396 voy.
1187 1342 1284 1396 Esp.
1317 1356 1355 1396 p.
1388 1344 1454 1384 23.
1495 1341 1555 1384 Pl.
1593 1354 1680 1382 exs.
1721 1341 1811 1384 coll.

164 1423 255 1451 ven.
288 1423 327 1450 n.
358 1413 451 1452 511.

270 1475 316 1516 In
347 1477 553 1517 sabulosis
584 1475 634 1517 ad
665 1488 776 1517 oram
807 1477 933 1517 maris
963 1476 1251 1516 mediterranei
1281 1489 1408 1531 prope
1432 1477 1675 1519 Valentiam.
1708 1478 1807 1532 Aug.

160 1559 194 1585 c.
227 1543 265 1585 fl.
298 1548 339 1584 et
368 1543 418 1585 fr.

270 1614 335 1653 59.
395 1609 455 1651 Μ.
485 1613 634 1661 pocula
667 1609 747 1651 Dc.
808 1610 1024 1664 (Hesperis
1063 1611 1249 1651 arenaria
1279 1607 1379 1665 Lag.
1423 1623 1516 1651 nov.
1549 1616 1643 1665 gen.
1677 1614 1719 1651 et
1747 1624 1807 1662 sp.

158 1692 196 1720 ι).
228 1681 343 1726 263.)
372 1678 432 1718 Pl.
465 1692 550 1718 exS.
584 1678 672 1718 coll.
707 1690 796 1717 ven.
829 1691 866 1718 n.
899 1681 993 1719 565.

270 1746 316 1786 ln
356 1747 543 1786 arenosis
583 1746 796 1799 utriusque
835 1744 1045 1784 Castellae:
1095 1745 1135 1783 in
1177 1744 1289 1798 agris
1327 1743 1504 1785 desertis
1545 1746 1652 1784 inter
1690 1745 1805 1785 Sala-

161 1825 304 1853 manca
334 1817 374 1852 et
403 1812 644 1853 Penaranda
685 1812 734 1852 de
763 1811 1033 1851 Braeamonte
1064 1812 1208 1858 rarius,
1239 1812 1345 1851 circa
1376 1812 1616 1852 Villanueva
1646 1811 1695 1851 de
1727 1812 1806 1852 Go-

160 1893 251 1921 mcz
289 1882 330 1920 in
362 1880 471 1922 east.
513 1884 591 1920 vet.
634 1880 933 1934 copiosissime.
976 1878 1113 1918 Octob.
1153 1891 1187 1917 c.
1219 1878 1257 1919 ss.
1292 1885 1333 1920 et
1363 1878 1409 1919 fr.
1442 1879 1559 1919 Circa
1587 1878 1805 1920 Madritum

160 1949 328 2001 passim.

272 2014 366 2054 Oba.
426 2014 543 2054 Folia
572 2013 621 2054 ad
651 2027 851 2054 ramorum
885 2018 1013 2053 ortum
1047 2012 1299 2063 fasciculata,
1332 2012 1565 2066 spathulata
1596 2014 1717 2067 longe
1747 2018 1805 2053 at-

159 2084 338 2129 tenuata,
367 2095 447 2121 non
479 2082 664 2130 linearia,
695 2085 738 2121 ut
767 2080 864 2121 dicit
895 2081 943 2122 cl.
976 2080 1102 2121 Dec,
1135 2079 1271 2121 Prodr.
1303 2079 1332 2122 l.
1364 2094 1402 2135 p.
1439 2083 1529 2122 187.
1571 2081 1807 2134 Specimina

159 2147 239 2187 vidi
271 2149 487 2203 originalia
518 2149 558 2187 in
591 2147 703 2190 herb.
734 2160 820 2202 reg.
852 2147 1106 2188 Madritensi.

841 2213 1130 2266 sisymbrium.

272 2285 337 2322 60.
398 2281 443 2321 S.
476 2284 776 2335 acutanqulum
805 2282 886 2322 Dc.
918 2282 1053 2323 Prodr.
1087 2281 1117 2321 l.
1151 2296 1188 2335 p.
1222 2284 1313 2322 192.
1346 2279 1473 2322 Rchb.
1504 2280 1558 2320 lc.
1591 2279 1650 2319 ΕΙ.
1681 2292 1719 2334 g.
1752 2279 1803 2319 ll.

158 2346 185 2387 s.
217 2349 338 2388 4412.
370 2348 431 2394 (S.
464 2350 710 2388 austriacum
743 2361 782 2399 γ.
818 2349 1103 2402 acutangulum
1122 2347 1234 2387 Koch
1259 2348 1358 2400 Syn.
1391 2347 1440 2387 ed
1471 2346 1521 2387 11.
1555 2361 1590 2400 p.
1622 2348 1712 2397 55.)
1744 2346 1801 2386 Pl.

159 2426 243 2453 exs.
277 2414 367 2453 coll.
402 2427 490 2453 ven.
524 2428 562 2456 n.
594 2418 684 2456 316.

265 2480 310 2520 ln
330 2481 474 2534 Pyren.
499 2483 672 2535 Aragon.
706 2483 745 2521 in
778 2482 1045 2536 rupestribus,
1076 2483 1293 2536 glareosis,
1324 2482 1458 2531 cultis,
1491 2480 1692 2520 ruderatis
1723 2493 1806 2519 mu-

160 2549 297 2600 risque
339 2548 501 2588 vallium
533 2547 768 2588 inferiorum
799 2550 848 2590 ad
879 2551 947 2590 alt.
979 2550 1283 2599 2500—4000‘,
1316 2562 1351 2589 v,
1383 2562 1416 2588 c.
1449 2548 1557 2588 circa
1587 2546 1802 2596 Canfranc,

159 2613 284 2654 Junio
317 2628 349 2656 c.
381 2614 419 2654 ss.

265 2685 332 2721 (il.
393 2679 438 2720 S.
471 2682 840 2730 uculciaitiquosum
870 2682 1059 2721 llofsm.
1095 2680 1221 2721 Rchb.
1255 2681 1308 2721 lc.
1343 2683 1366 2722 l.
1399 2695 1433 2721 c.
1464 2683 1585 2721 4411.

268 2746 314 2785 ln
345 2747 546 2787 ruderarie
578 2759 704 2800 prope
735 2760 880 2801 pagum
911 2746 1056 2789 Pasmo
1088 2752 1127 2788 et
1158 2748 1255 2786 alibi
1288 2749 1327 2787 in
1359 2749 1562 2802 Aragonia
1592 2744 1794 2787 inferiore.

156 2811 269 2854 Julio
297 2828 331 2853 c.
363 2812 409 2852 fr.
