<?xml version="1.0" encoding="UTF-8"?>
<!DOCTYPE html PUBLIC "-//W3C//DTD XHTML 1.0 Transitional//EN"
    "http://www.w3.org/TR/xhtml1/DTD/xhtml1-transitional.dtd">
<html xmlns="http://www.w3.org/1999/xhtml" xml:lang="en" lang="en">
 <head>
  <title>
</title>
<meta http-equiv="Content-Type" content="text/html;charset=utf-8" />
  <meta name='ocr-system' content='tesseract 3.04.00' />
  <meta name='ocr-capabilities' content='ocr_page ocr_carea ocr_par ocr_line ocrx_word'/>
</head>
<body>
  <div class='ocr_page' id='page_1' title='image "./sertumfloraehisp00will_0112.png"; bbox 0 0 1867 3215; ppageno 0'>
   <div class='ocr_carea' id='block_1_1' title="bbox 164 33 256 78">
    <p class='ocr_par' dir='ltr' id='par_1_1' title="bbox 164 33 256 78">
     <span class='ocr_line' id='line_1_1' title="bbox 164 33 256 78; baseline 0.022 -2"><span class='ocrx_word' id='word_1_1' title='bbox 164 33 256 78; x_wconf 73' lang='lat'>104</span> 
     </span>
    </p>
   </div>
   <div class='ocr_carea' id='block_1_2' title="bbox 265 158 1865 216">
    <p class='ocr_par' dir='ltr' id='par_1_2' title="bbox 265 158 1865 216">
     <span class='ocr_line' id='line_1_2' title="bbox 265 158 1865 216; baseline 0.004 -18"><span class='ocrx_word' id='word_1_2' title='bbox 265 158 311 198; x_wconf 86' lang='lat' dir='ltr'>ln</span> <span class='ocrx_word' id='word_1_3' title='bbox 350 160 518 213; x_wconf 77' lang='lat' dir='ltr'>sepibus</span> <span class='ocrx_word' id='word_1_4' title='bbox 561 160 817 211; x_wconf 85' lang='lat' dir='ltr'>dumetisque</span> <span class='ocrx_word' id='word_1_5' title='bbox 849 160 1174 206; x_wconf 74' lang='lat' dir='ltr'>cantabriae-(v.</span> <span class='ocrx_word' id='word_1_6' title='bbox 1209 177 1239 200; x_wconf 75' lang='lat' dir='ltr'>c.</span> <span class='ocrx_word' id='word_1_7' title='bbox 1285 175 1409 216; x_wconf 80' lang='lat' dir='ltr'>prope</span> <span class='ocrx_word' id='word_1_8' title='bbox 1443 163 1607 211; x_wconf 68' lang='lat' dir='ltr'>nuhaa,</span> <span class='ocrx_word' id='word_1_9' title='bbox 1649 164 1796 213; x_wconf 84' lang='lat' dir='ltr'>Yrun)‚</span> <span class='ocrx_word' id='word_1_10' title='bbox 1859 199 1865 210; x_wconf 85' lang='grc'><em>,</em></span> 
     </span>
    </p>
   </div>
   <div class='ocr_carea' id='block_1_3' title="bbox 155 224 1798 472">
    <p class='ocr_par' dir='ltr' id='par_1_3' title="bbox 155 224 1798 472">
     <span class='ocr_line' id='line_1_3' title="bbox 155 224 1798 283; baseline 0.005 -20"><span class='ocrx_word' id='word_1_11' title='bbox 155 224 360 265; x_wconf 87' lang='lat' dir='ltr'>Navarrae</span> <span class='ocrx_word' id='word_1_12' title='bbox 392 227 453 272; x_wconf 81' lang='lat' dir='ltr'>[in</span> <span class='ocrx_word' id='word_1_13' title='bbox 487 226 591 263; x_wconf 86' lang='lat' dir='ltr'>valle</span> <span class='ocrx_word' id='word_1_14' title='bbox 624 224 808 273; x_wconf 79' lang='lat' dir='ltr'>Baztan),</span> <span class='ocrx_word' id='word_1_15' title='bbox 842 228 1069 281; x_wconf 76' lang='lat' dir='ltr'>Aragouise</span> <span class='ocrx_word' id='word_1_16' title='bbox 1099 230 1325 281; x_wconf 86' lang='lat' dir='ltr'>superioris</span> <span class='ocrx_word' id='word_1_17' title='bbox 1356 229 1494 276; x_wconf 65' lang='lat' dir='ltr'>(Jaca,</span> <span class='ocrx_word' id='word_1_18' title='bbox 1528 230 1656 269; x_wconf 83' lang='lat' dir='ltr'>valles</span> <span class='ocrx_word' id='word_1_19' title='bbox 1678 231 1798 283; x_wconf 83' lang='lat' dir='ltr'>Pyre-</span> 
     </span>
     <span class='ocr_line' id='line_1_4' title="bbox 157 290 1152 346; baseline 0.002 -16"><span class='ocrx_word' id='word_1_20' title='bbox 157 302 348 330; x_wconf 84' lang='lat' dir='ltr'>naeorum</span> <span class='ocrx_word' id='word_1_21' title='bbox 379 290 655 340; x_wconf 83' lang='lat' dir='ltr'>inferiorum).</span> <span class='ocrx_word' id='word_1_22' title='bbox 687 291 812 346; x_wconf 78' lang='lat' dir='ltr'>Majo,</span> <span class='ocrx_word' id='word_1_23' title='bbox 843 292 969 333; x_wconf 84' lang='lat' dir='ltr'>Junio</span> <span class='ocrx_word' id='word_1_24' title='bbox 1000 307 1032 334; x_wconf 88' lang='lat' dir='ltr'>c.</span> <span class='ocrx_word' id='word_1_25' title='bbox 1067 294 1152 335; x_wconf 85' lang='lat' dir='ltr'>flor.</span> 
     </span>
     <span class='ocr_line' id='line_1_5' title="bbox 810 356 1140 401; baseline 0.009 -3"><span class='ocrx_word' id='word_1_26' title='bbox 810 356 1140 401; x_wconf 73' lang='lat' dir='ltr'>Jasmineae.</span> 
     </span>
     <span class='ocr_line' id='line_1_6' title="bbox 265 421 978 472; baseline 0.003 -8"><span class='ocrx_word' id='word_1_27' title='bbox 265 427 358 464; x_wconf 80' lang='lat'>672.</span> <span class='ocrx_word' id='word_1_28' title='bbox 418 421 664 462; x_wconf 74' lang='lat' dir='ltr'>Jasminum</span> <span class='ocrx_word' id='word_1_29' title='bbox 691 423 906 472; x_wconf 75' lang='lat' dir='ltr'><em>fruticans</em></span> <span class='ocrx_word' id='word_1_30' title='bbox 937 426 978 466; x_wconf 79' lang='lat'>1¹.</span> 
     </span>
    </p>
   </div>
   <div class='ocr_carea' id='block_1_4' title="bbox 262 488 1799 547">
    <p class='ocr_par' dir='ltr' id='par_1_4' title="bbox 262 488 1799 547">
     <span class='ocr_line' id='line_1_7' title="bbox 262 488 1799 547; baseline 0.006 -19"><span class='ocrx_word' id='word_1_31' title='bbox 262 488 307 528; x_wconf 87' lang='lat' dir='ltr'>lu</span> <span class='ocrx_word' id='word_1_32' title='bbox 348 490 516 542; x_wconf 78' lang='lat' dir='ltr'>sepibus</span> <span class='ocrx_word' id='word_1_33' title='bbox 554 490 814 543; x_wconf 87' lang='lat' dir='ltr'>dumetisque</span> <span class='ocrx_word' id='word_1_34' title='bbox 856 505 981 545; x_wconf 83' lang='lat' dir='ltr'>prope</span> <span class='ocrx_word' id='word_1_35' title='bbox 1021 505 1166 547; x_wconf 85' lang='lat' dir='ltr'>pagum</span> <span class='ocrx_word' id='word_1_36' title='bbox 1208 493 1365 533; x_wconf 80' lang='lat' dir='ltr'>Chozas</span> <span class='ocrx_word' id='word_1_37' title='bbox 1406 495 1455 533; x_wconf 88' lang='lat' dir='ltr'>de</span> <span class='ocrx_word' id='word_1_38' title='bbox 1499 496 1537 534; x_wconf 87' lang='lat' dir='ltr'>la</span> <span class='ocrx_word' id='word_1_39' title='bbox 1575 496 1714 537; x_wconf 83' lang='lat' dir='ltr'>Sierra</span> <span class='ocrx_word' id='word_1_40' title='bbox 1757 503 1799 539; x_wconf 79' lang='lat' dir='ltr'>ot</span> 
     </span>
    </p>
   </div>
   <div class='ocr_carea' id='block_1_5' title="bbox 154 555 1862 615">
    <p class='ocr_par' dir='ltr' id='par_1_5' title="bbox 154 555 1862 615">
     <span class='ocr_line' id='line_1_8' title="bbox 154 555 1862 615; baseline 0.005 -21"><span class='ocrx_word' id='word_1_41' title='bbox 154 555 250 595; x_wconf 86' lang='lat' dir='ltr'>alibi</span> <span class='ocrx_word' id='word_1_42' title='bbox 281 555 332 595; x_wconf 84' lang='lat' dir='ltr'>ad</span> <span class='ocrx_word' id='word_1_43' title='bbox 361 555 521 596; x_wconf 81' lang='lat' dir='ltr'>radices</span> <span class='ocrx_word' id='word_1_44' title='bbox 552 558 717 597; x_wconf 81' lang='lat' dir='ltr'>Sierrae</span> <span class='ocrx_word' id='word_1_45' title='bbox 748 556 797 596; x_wconf 90' lang='lat' dir='ltr'>de</span> <span class='ocrx_word' id='word_1_46' title='bbox 828 557 1117 607; x_wconf 84' lang='lat' dir='ltr'>Guadarrama,</span> <span class='ocrx_word' id='word_1_47' title='bbox 1150 561 1254 598; x_wconf 86' lang='lat' dir='ltr'>inter</span> <span class='ocrx_word' id='word_1_48' title='bbox 1277 560 1477 599; x_wconf 82' lang='lat' dir='ltr'>Talavera</span> <span class='ocrx_word' id='word_1_49' title='bbox 1507 561 1556 600; x_wconf 87' lang='lat' dir='ltr'>de</span> <span class='ocrx_word' id='word_1_50' title='bbox 1587 562 1625 601; x_wconf 88' lang='lat' dir='ltr'>la</span> <span class='ocrx_word' id='word_1_51' title='bbox 1654 560 1801 615; x_wconf 83' lang='lat' dir='ltr'>Reyna</span> <span class='ocrx_word' id='word_1_52' title='bbox 1859 581 1862 587; x_wconf 93' lang='lat'>·</span> 
     </span>
    </p>
   </div>
   <div class='ocr_carea' id='block_1_6' title="bbox 146 622 1799 1546">
    <p class='ocr_par' dir='ltr' id='par_1_6' title="bbox 146 622 1799 1546">
     <span class='ocr_line' id='line_1_9' title="bbox 154 622 1796 682; baseline 0.005 -21"><span class='ocrx_word' id='word_1_53' title='bbox 154 626 195 661; x_wconf 84' lang='lat' dir='ltr'>et</span> <span class='ocrx_word' id='word_1_54' title='bbox 225 622 408 676; x_wconf 84' lang='lat' dir='ltr'>Oropesa</span> <span class='ocrx_word' id='word_1_55' title='bbox 446 624 486 662; x_wconf 93' lang='lat' dir='ltr'>in</span> <span class='ocrx_word' id='word_1_56' title='bbox 529 623 707 663; x_wconf 81' lang='lat' dir='ltr'>Castella</span> <span class='ocrx_word' id='word_1_57' title='bbox 748 637 875 674; x_wconf 83' lang='lat' dir='ltr'>nova,</span> <span class='ocrx_word' id='word_1_58' title='bbox 916 626 955 664; x_wconf 86' lang='lat' dir='ltr'>in</span> <span class='ocrx_word' id='word_1_59' title='bbox 999 626 1164 666; x_wconf 85' lang='lat' dir='ltr'>ericetis</span> <span class='ocrx_word' id='word_1_60' title='bbox 1204 626 1518 667; x_wconf 81' lang='lat' dir='ltr'>Extremadurae</span> <span class='ocrx_word' id='word_1_61' title='bbox 1560 631 1796 682; x_wconf 80' lang='lat' dir='ltr'>superioris.</span> 
     </span>
     <span class='ocr_line' id='line_1_10' title="bbox 153 689 1538 744; baseline 0.001 -14"><span class='ocrx_word' id='word_1_62' title='bbox 153 690 267 744; x_wconf 81' lang='lat' dir='ltr'>Sept.</span> <span class='ocrx_word' id='word_1_63' title='bbox 299 690 384 729; x_wconf 82' lang='lat' dir='ltr'>Oct.</span> <span class='ocrx_word' id='word_1_64' title='bbox 417 703 449 730; x_wconf 91' lang='lat' dir='ltr'>c.</span> <span class='ocrx_word' id='word_1_65' title='bbox 481 689 598 730; x_wconf 72' lang='lat' dir='ltr'>fruct.</span> <span class='ocrx_word' id='word_1_66' title='bbox 1535 709 1538 711; x_wconf 51' lang='lat'>&gt;</span> 
     </span>
     <span class='ocr_line' id='line_1_11' title="bbox 803 757 1144 810; baseline 0.009 -14"><span class='ocrx_word' id='word_1_67' title='bbox 803 757 1144 810; x_wconf 74' lang='lat' dir='ltr'>Apocyneae.</span> 
     </span>
     <span class='ocr_line' id='line_1_12' title="bbox 898 823 1043 864; baseline 0 -1"><span class='ocrx_word' id='word_1_68' title='bbox 898 823 1043 864; x_wconf 74' lang='lat' dir='ltr'>Vinea.</span> 
     </span>
     <span class='ocr_line' id='line_1_13' title="bbox 265 889 1555 946; baseline 0.001 -14"><span class='ocrx_word' id='word_1_69' title='bbox 265 893 358 932; x_wconf 78' lang='lat'><strong>673.</strong></span> <span class='ocrx_word' id='word_1_70' title='bbox 426 889 472 930; x_wconf 89' lang='lat' dir='ltr'>V.</span> <span class='ocrx_word' id='word_1_71' title='bbox 506 893 639 929; x_wconf 69' lang='lat' dir='ltr'>mealia</span> <span class='ocrx_word' id='word_1_72' title='bbox 670 889 847 946; x_wconf 81' lang='lat' dir='ltr'>Hffgg.</span> <span class='ocrx_word' id='word_1_73' title='bbox 890 890 971 930; x_wconf 82' lang='lat' dir='ltr'>Lk.</span> <span class='ocrx_word' id='word_1_74' title='bbox 1001 913 1052 921; x_wconf 93' lang='grc'>--</span> <span class='ocrx_word' id='word_1_75' title='bbox 1084 892 1218 932; x_wconf 83' lang='lat' dir='ltr'>Prodr.</span> <span class='ocrx_word' id='word_1_76' title='bbox 1255 892 1358 932; x_wconf 87' lang='lat' dir='ltr'>Vlll.</span> <span class='ocrx_word' id='word_1_77' title='bbox 1394 908 1428 946; x_wconf 86' lang='lat' dir='ltr'>p.</span> <span class='ocrx_word' id='word_1_78' title='bbox 1463 897 1555 935; x_wconf 76' lang='lat'>384.</span> 
     </span>
     <span class='ocr_line' id='line_1_14' title="bbox 266 956 1799 1015; baseline 0.003 -18"><span class='ocrx_word' id='word_1_79' title='bbox 266 956 321 997; x_wconf 81' lang='lat' dir='ltr'>Ad</span> <span class='ocrx_word' id='word_1_80' title='bbox 361 970 507 1010; x_wconf 74' lang='lat' dir='ltr'>sepes,</span> <span class='ocrx_word' id='word_1_81' title='bbox 548 970 684 997; x_wconf 86' lang='lat' dir='ltr'>muros</span> <span class='ocrx_word' id='word_1_82' title='bbox 723 959 837 1011; x_wconf 86' lang='lat' dir='ltr'>regni</span> <span class='ocrx_word' id='word_1_83' title='bbox 879 958 1074 998; x_wconf 82' lang='lat' dir='ltr'>valentini</span> <span class='ocrx_word' id='word_1_84' title='bbox 1115 972 1149 999; x_wconf 87' lang='lat' dir='ltr'>v.</span> <span class='ocrx_word' id='word_1_85' title='bbox 1193 976 1224 997; x_wconf 71' lang='lat' dir='ltr'>v.</span> <span class='ocrx_word' id='word_1_86' title='bbox 1258 962 1365 999; x_wconf 86' lang='lat' dir='ltr'>circa</span> <span class='ocrx_word' id='word_1_87' title='bbox 1394 959 1555 1008; x_wconf 54' lang='lat' dir='ltr'>Jt&#39;aerica³</span> <span class='ocrx_word' id='word_1_88' title='bbox 1601 961 1799 1015; x_wconf 82' lang='lat' dir='ltr'>Segorbe,</span> 
     </span>
     <span class='ocr_line' id='line_1_15' title="bbox 151 1021 659 1078; baseline -0.002 -16"><span class='ocrx_word' id='word_1_89' title='bbox 151 1021 290 1062; x_wconf 83' lang='lat' dir='ltr'>Cbiva.</span> <span class='ocrx_word' id='word_1_90' title='bbox 323 1025 422 1078; x_wconf 83' lang='lat' dir='ltr'>Aug.</span> <span class='ocrx_word' id='word_1_91' title='bbox 455 1024 545 1063; x_wconf 88' lang='lat' dir='ltr'>sine</span> <span class='ocrx_word' id='word_1_92' title='bbox 575 1022 659 1062; x_wconf 80' lang='lat' dir='ltr'>flor.</span> 
     </span>
     <span class='ocr_line' id='line_1_16' title="bbox 261 1089 705 1132; baseline -0.009 0"><span class='ocrx_word' id='word_1_93' title='bbox 261 1092 354 1132; x_wconf 77' lang='lat'><strong>674.</strong></span> <span class='ocrx_word' id='word_1_94' title='bbox 422 1089 468 1129; x_wconf 80' lang='lat' dir='ltr'>V.</span> <span class='ocrx_word' id='word_1_95' title='bbox 499 1091 634 1128; x_wconf 72' lang='lat' dir='ltr'>minor·</span> <span class='ocrx_word' id='word_1_96' title='bbox 665 1089 705 1128; x_wconf 79' lang='lat' dir='ltr'>L.</span> 
     </span>
     <span class='ocr_line' id='line_1_17' title="bbox 257 1156 1794 1210; baseline 0.003 -14"><span class='ocrx_word' id='word_1_97' title='bbox 257 1156 314 1196; x_wconf 82' lang='lat' dir='ltr'>Ad</span> <span class='ocrx_word' id='word_1_98' title='bbox 345 1169 483 1210; x_wconf 80' lang='lat' dir='ltr'>sepes,</span> <span class='ocrx_word' id='word_1_99' title='bbox 515 1157 589 1196; x_wconf 89' lang='lat' dir='ltr'>sub</span> <span class='ocrx_word' id='word_1_100' title='bbox 621 1157 818 1205; x_wconf 76' lang='lat' dir='ltr'>dumetis,</span> <span class='ocrx_word' id='word_1_101' title='bbox 852 1158 891 1196; x_wconf 92' lang='lat' dir='ltr'>in</span> <span class='ocrx_word' id='word_1_102' title='bbox 924 1158 1096 1198; x_wconf 81' lang='lat' dir='ltr'>vallibus</span> <span class='ocrx_word' id='word_1_103' title='bbox 1129 1159 1330 1200; x_wconf 85' lang='lat' dir='ltr'>umbrosis</span> <span class='ocrx_word' id='word_1_104' title='bbox 1364 1160 1618 1209; x_wconf 82' lang='lat' dir='ltr'>Cantabriae,</span> <span class='ocrx_word' id='word_1_105' title='bbox 1652 1161 1794 1200; x_wconf 77' lang='lat' dir='ltr'>Navar-</span> 
     </span>
     <span class='ocr_line' id='line_1_18' title="bbox 147 1224 1005 1277; baseline 0.001 -15"><span class='ocrx_word' id='word_1_106' title='bbox 147 1236 216 1264; x_wconf 80' lang='lat' dir='ltr'>rae</span> <span class='ocrx_word' id='word_1_107' title='bbox 247 1227 288 1262; x_wconf 87' lang='lat' dir='ltr'>et</span> <span class='ocrx_word' id='word_1_108' title='bbox 320 1224 548 1277; x_wconf 78' lang='lat' dir='ltr'>Aragoniae</span> <span class='ocrx_word' id='word_1_109' title='bbox 578 1224 804 1277; x_wconf 84' lang='lat' dir='ltr'>superioris</span> <span class='ocrx_word' id='word_1_110' title='bbox 838 1226 1005 1277; x_wconf 87' lang='lat' dir='ltr'>passim.</span> 
     </span>
     <span class='ocr_line' id='line_1_19' title="bbox 874 1290 1060 1331; baseline 0.005 -1"><span class='ocrx_word' id='word_1_111' title='bbox 874 1290 1060 1331; x_wconf 78' lang='lat' dir='ltr'>Nerium.</span> 
     </span>
     <span class='ocr_line' id='line_1_20' title="bbox 255 1355 1502 1402; baseline 0.008 -11"><span class='ocrx_word' id='word_1_112' title='bbox 255 1359 347 1397; x_wconf 77' lang='grc'>675,</span> <span class='ocrx_word' id='word_1_113' title='bbox 414 1355 462 1397; x_wconf 87' lang='grc' dir='ltr'>Ν.</span> <span class='ocrx_word' id='word_1_114' title='bbox 496 1355 702 1396; x_wconf 78' lang='lat' dir='ltr'>Oleamler</span> <span class='ocrx_word' id='word_1_115' title='bbox 731 1358 772 1398; x_wconf 89' lang='lat' dir='ltr'>L.</span> <span class='ocrx_word' id='word_1_116' title='bbox 805 1378 857 1387; x_wconf 89' lang='lat'>·—</span> <span class='ocrx_word' id='word_1_117' title='bbox 890 1358 947 1398; x_wconf 87' lang='lat' dir='ltr'>Pl.</span> <span class='ocrx_word' id='word_1_118' title='bbox 982 1373 1064 1397; x_wconf 86' lang='lat' dir='ltr'>exs.</span> <span class='ocrx_word' id='word_1_119' title='bbox 1098 1360 1186 1399; x_wconf 83' lang='lat' dir='ltr'>coll.</span> <span class='ocrx_word' id='word_1_120' title='bbox 1222 1372 1310 1402; x_wconf 85' lang='lat' dir='ltr'>ven.</span> <span class='ocrx_word' id='word_1_121' title='bbox 1342 1374 1378 1401; x_wconf 88' lang='lat' dir='ltr'>n.</span> <span class='ocrx_word' id='word_1_122' title='bbox 1411 1363 1502 1402; x_wconf 78' lang='lat'><strong>48⁴.</strong></span> 
     </span>
     <span class='ocr_line' id='line_1_21' title="bbox 258 1422 1798 1481; baseline 0.004 -20"><span class='ocrx_word' id='word_1_123' title='bbox 258 1423 303 1461; x_wconf 92' lang='lat' dir='ltr'>ln</span> <span class='ocrx_word' id='word_1_124' title='bbox 338 1422 469 1462; x_wconf 86' lang='lat' dir='ltr'>alveis</span> <span class='ocrx_word' id='word_1_125' title='bbox 499 1425 718 1463; x_wconf 82' lang='lat' dir='ltr'>exsiccatis</span> <span class='ocrx_word' id='word_1_126' title='bbox 752 1426 856 1463; x_wconf 84' lang='lat' dir='ltr'>inter</span> <span class='ocrx_word' id='word_1_127' title='bbox 887 1425 1072 1479; x_wconf 92' lang='lat' dir='ltr'>Segorbe</span> <span class='ocrx_word' id='word_1_128' title='bbox 1112 1430 1152 1464; x_wconf 83' lang='lat' dir='ltr'>et</span> <span class='ocrx_word' id='word_1_129' title='bbox 1182 1425 1414 1468; x_wconf 82' lang='lat' dir='ltr'>Murviedro</span> <span class='ocrx_word' id='word_1_130' title='bbox 1445 1434 1486 1467; x_wconf 83' lang='lat' dir='ltr'>et</span> <span class='ocrx_word' id='word_1_131' title='bbox 1518 1440 1644 1481; x_wconf 84' lang='lat' dir='ltr'>prope</span> <span class='ocrx_word' id='word_1_132' title='bbox 1675 1427 1798 1467; x_wconf 83' lang='lat' dir='ltr'>Cbiva</span> 
     </span>
     <span class='ocr_line' id='line_1_22' title="bbox 146 1489 911 1546; baseline 0.004 -18"><span class='ocrx_word' id='word_1_133' title='bbox 146 1491 186 1528; x_wconf 89' lang='lat' dir='ltr'>in</span> <span class='ocrx_word' id='word_1_134' title='bbox 216 1502 342 1542; x_wconf 79' lang='lat' dir='ltr'>regno</span> <span class='ocrx_word' id='word_1_135' title='bbox 375 1489 592 1530; x_wconf 79' lang='lat' dir='ltr'>valentino.</span> <span class='ocrx_word' id='word_1_136' title='bbox 629 1492 728 1546; x_wconf 76' lang='lat' dir='ltr'>Aug·</span> <span class='ocrx_word' id='word_1_137' title='bbox 761 1505 793 1530; x_wconf 90' lang='lat' dir='ltr'>c.</span> <span class='ocrx_word' id='word_1_138' title='bbox 826 1491 911 1532; x_wconf 81' lang='lat' dir='ltr'>ssot.</span> 
     </span>
    </p>
   </div>
   <div class='ocr_carea' id='block_1_7' title="bbox 144 1569 1792 2489">
    <p class='ocr_par' dir='ltr' id='par_1_7' title="bbox 771 1569 1179 1688">
     <span class='ocr_line' id='line_1_23' title="bbox 771 1569 1179 1620; baseline 0.005 -13"><span class='ocrx_word' id='word_1_139' title='bbox 771 1569 1179 1620; x_wconf 75' lang='lat' dir='ltr'>Asclepiadeae.</span> 
     </span>
     <span class='ocr_line' id='line_1_24' title="bbox 822 1635 1104 1688; baseline 0.007 -13"><span class='ocrx_word' id='word_1_140' title='bbox 822 1635 1104 1688; x_wconf 81' lang='lat' dir='ltr'>Cynanchum.</span> 
     </span>
    </p>

    <p class='ocr_par' dir='ltr' id='par_1_8' title="bbox 145 1700 1792 1824">
     <span class='ocr_line' id='line_1_25' title="bbox 255 1700 1792 1746; baseline 0.001 -3"><span class='ocrx_word' id='word_1_141' title='bbox 255 1704 348 1743; x_wconf 82' lang='lat'>676.</span> <span class='ocrx_word' id='word_1_142' title='bbox 411 1700 452 1741; x_wconf 83' lang='lat' dir='ltr'>C.</span> <span class='ocrx_word' id='word_1_143' title='bbox 492 1701 811 1742; x_wconf 74' lang='lat' dir='ltr'>Vincecooeicum</span> <span class='ocrx_word' id='word_1_144' title='bbox 850 1703 899 1743; x_wconf 79' lang='lat' dir='ltr'>R.</span> <span class='ocrx_word' id='word_1_145' title='bbox 944 1703 1018 1742; x_wconf 90' lang='lat' dir='ltr'>Br.</span> <span class='ocrx_word' id='word_1_146' title='bbox 1058 1727 1111 1735; x_wconf 93' lang='lat'>—</span> <span class='ocrx_word' id='word_1_147' title='bbox 1150 1703 1208 1743; x_wconf 89' lang='grc' dir='ltr'>ΡΙ.</span> <span class='ocrx_word' id='word_1_148' title='bbox 1249 1718 1334 1744; x_wconf 82' lang='lat' dir='ltr'>exs.</span> <span class='ocrx_word' id='word_1_149' title='bbox 1377 1705 1468 1744; x_wconf 86' lang='lat' dir='ltr'>coll.</span> <span class='ocrx_word' id='word_1_150' title='bbox 1510 1718 1600 1745; x_wconf 87' lang='lat' dir='ltr'>ven.</span> <span class='ocrx_word' id='word_1_151' title='bbox 1633 1717 1670 1744; x_wconf 86' lang='lat' dir='ltr'>n.</span> <span class='ocrx_word' id='word_1_152' title='bbox 1706 1708 1792 1746; x_wconf 82' lang='grc'><strong>109.</strong></span> 
     </span>
     <span class='ocr_line' id='line_1_26' title="bbox 145 1766 1721 1824; baseline 0.003 -16"><span class='ocrx_word' id='word_1_153' title='bbox 145 1768 466 1814; x_wconf 77' lang='lat' dir='ltr'>(Vincetoxicum</span> <span class='ocrx_word' id='word_1_154' title='bbox 499 1766 705 1809; x_wconf 85' lang='lat' dir='ltr'>officinale</span> <span class='ocrx_word' id='word_1_155' title='bbox 736 1769 883 1810; x_wconf 79' lang='lat' dir='ltr'>Miinch</span> <span class='ocrx_word' id='word_1_156' title='bbox 915 1775 956 1810; x_wconf 85' lang='lat' dir='ltr'>et</span> <span class='ocrx_word' id='word_1_157' title='bbox 988 1770 1193 1809; x_wconf 85' lang='lat' dir='ltr'>Decaisne</span> <span class='ocrx_word' id='word_1_158' title='bbox 1224 1772 1264 1810; x_wconf 90' lang='lat' dir='ltr'>in</span> <span class='ocrx_word' id='word_1_159' title='bbox 1297 1771 1433 1811; x_wconf 88' lang='lat' dir='ltr'>Prodr.</span> <span class='ocrx_word' id='word_1_160' title='bbox 1467 1770 1575 1824; x_wconf 76' lang='lat' dir='ltr'>vul.</span> <span class='ocrx_word' id='word_1_161' title='bbox 1608 1775 1721 1816; x_wconf 79' lang='lat'><strong>52⁴.)</strong></span> 
     </span>
    </p>

    <p class='ocr_par' dir='ltr' id='par_1_9' title="bbox 144 1825 1792 2157">
     <span class='ocr_line' id='line_1_27' title="bbox 254 1825 1792 1891; baseline 0.002 -17"><span class='ocrx_word' id='word_1_162' title='bbox 254 1835 300 1874; x_wconf 88' lang='lat' dir='ltr'>ln</span> <span class='ocrx_word' id='word_1_163' title='bbox 342 1832 502 1875; x_wconf 85' lang='lat' dir='ltr'>fissuris</span> <span class='ocrx_word' id='word_1_164' title='bbox 544 1836 703 1889; x_wconf 85' lang='lat' dir='ltr'>rupium</span> <span class='ocrx_word' id='word_1_165' title='bbox 735 1838 885 1876; x_wconf 86' lang='lat' dir='ltr'>montis</span> <span class='ocrx_word' id='word_1_166' title='bbox 916 1837 1088 1876; x_wconf 84' lang='lat' dir='ltr'>calcarei</span> <span class='ocrx_word' id='word_1_167' title='bbox 1120 1837 1215 1877; x_wconf 79' lang='lat' dir='ltr'>Pico</span> <span class='ocrx_word' id='word_1_168' title='bbox 1246 1837 1296 1877; x_wconf 90' lang='lat' dir='ltr'>de</span> <span class='ocrx_word' id='word_1_169' title='bbox 1326 1839 1526 1878; x_wconf 86' lang='lat' dir='ltr'>Sarantes</span> <span class='ocrx_word' id='word_1_170' title='bbox 1556 1825 1682 1891; x_wconf 84' lang='lat' dir='ltr'>prope</span> <span class='ocrx_word' id='word_1_171' title='bbox 1713 1838 1792 1877; x_wconf 87' lang='lat' dir='ltr'>Bil-</span> 
     </span>
     <span class='ocr_line' id='line_1_28' title="bbox 145 1901 1792 1958; baseline 0.002 -18"><span class='ocrx_word' id='word_1_172' title='bbox 145 1901 221 1941; x_wconf 84' lang='lat' dir='ltr'>bao</span> <span class='ocrx_word' id='word_1_173' title='bbox 252 1903 405 1950; x_wconf 83' lang='lat' dir='ltr'>rarius3</span> <span class='ocrx_word' id='word_1_174' title='bbox 448 1903 487 1941; x_wconf 91' lang='lat' dir='ltr'>in</span> <span class='ocrx_word' id='word_1_175' title='bbox 528 1902 733 1956; x_wconf 82' lang='lat' dir='ltr'>glareosis</span> <span class='ocrx_word' id='word_1_176' title='bbox 764 1904 975 1958; x_wconf 88' lang='lat' dir='ltr'>graniticis</span> <span class='ocrx_word' id='word_1_177' title='bbox 1006 1903 1207 1942; x_wconf 84' lang='lat' dir='ltr'>umbrosis</span> <span class='ocrx_word' id='word_1_178' title='bbox 1241 1905 1281 1943; x_wconf 91' lang='lat' dir='ltr'>in</span> <span class='ocrx_word' id='word_1_179' title='bbox 1315 1904 1421 1943; x_wconf 87' lang='lat' dir='ltr'>valle</span> <span class='ocrx_word' id='word_1_180' title='bbox 1451 1904 1563 1944; x_wconf 89' lang='lat' dir='ltr'>fluvii</span> <span class='ocrx_word' id='word_1_181' title='bbox 1593 1903 1792 1944; x_wconf 85' lang='lat' dir='ltr'>Bidassoa</span> 
     </span>
     <span class='ocr_line' id='line_1_29' title="bbox 144 1968 1791 2025; baseline 0 -17"><span class='ocrx_word' id='word_1_182' title='bbox 144 1970 310 2023; x_wconf 87' lang='lat' dir='ltr'>copiose</span> <span class='ocrx_word' id='word_1_183' title='bbox 341 1968 487 2015; x_wconf 81' lang='lat' dir='ltr'>(forma</span> <span class='ocrx_word' id='word_1_184' title='bbox 518 1969 711 2024; x_wconf 86' lang='lat' dir='ltr'>elongata</span> <span class='ocrx_word' id='word_1_185' title='bbox 742 1969 1062 2025; x_wconf 84' lang='lat' dir='ltr'>angustifolia);</span> <span class='ocrx_word' id='word_1_186' title='bbox 1109 1972 1148 2009; x_wconf 93' lang='lat' dir='ltr'>in</span> <span class='ocrx_word' id='word_1_187' title='bbox 1194 1970 1398 2024; x_wconf 83' lang='lat' dir='ltr'>glareosis</span> <span class='ocrx_word' id='word_1_188' title='bbox 1445 1972 1485 2009; x_wconf 88' lang='lat' dir='ltr'>in</span> <span class='ocrx_word' id='word_1_189' title='bbox 1530 1970 1636 2010; x_wconf 83' lang='lat' dir='ltr'>valle</span> <span class='ocrx_word' id='word_1_190' title='bbox 1681 1969 1791 2010; x_wconf 88' lang='lat' dir='ltr'>fluvii</span> 
     </span>
     <span class='ocr_line' id='line_1_30' title="bbox 144 2035 1788 2091; baseline -0.001 -16"><span class='ocrx_word' id='word_1_191' title='bbox 144 2036 304 2091; x_wconf 79' lang='lat' dir='ltr'>Aragon</span> <span class='ocrx_word' id='word_1_192' title='bbox 346 2040 387 2075; x_wconf 88' lang='lat' dir='ltr'>et</span> <span class='ocrx_word' id='word_1_193' title='bbox 426 2036 467 2074; x_wconf 83' lang='lat' dir='ltr'>iu</span> <span class='ocrx_word' id='word_1_194' title='bbox 509 2035 683 2075; x_wconf 85' lang='lat' dir='ltr'>vallibus</span> <span class='ocrx_word' id='word_1_195' title='bbox 731 2037 1032 2090; x_wconf 86' lang='lat' dir='ltr'>Pyrenaeorum</span> <span class='ocrx_word' id='word_1_196' title='bbox 1079 2035 1342 2077; x_wconf 81' lang='lat' dir='ltr'>inferioribus</span> <span class='ocrx_word' id='word_1_197' title='bbox 1387 2049 1516 2090; x_wconf 86' lang='lat' dir='ltr'>usque</span> <span class='ocrx_word' id='word_1_198' title='bbox 1559 2036 1609 2077; x_wconf 88' lang='lat' dir='ltr'>ad</span> <span class='ocrx_word' id='word_1_199' title='bbox 1652 2038 1788 2078; x_wconf 74' lang='lat'>8000‘.</span> 
     </span>
     <span class='ocr_line' id='line_1_31' title="bbox 144 2100 606 2157; baseline -0.002 -16"><span class='ocrx_word' id='word_1_200' title='bbox 144 2101 268 2157; x_wconf 80' lang='lat' dir='ltr'>Majo,</span> <span class='ocrx_word' id='word_1_201' title='bbox 297 2101 421 2142; x_wconf 88' lang='lat' dir='ltr'>Junio</span> <span class='ocrx_word' id='word_1_202' title='bbox 456 2115 489 2141; x_wconf 90' lang='lat' dir='ltr'>c.</span> <span class='ocrx_word' id='word_1_203' title='bbox 521 2100 606 2141; x_wconf 88' lang='lat' dir='ltr'>flor.</span> 
     </span>
    </p>

    <p class='ocr_par' dir='ltr' id='par_1_10' title="bbox 146 2167 1791 2276">
     <span class='ocr_line' id='line_1_32' title="bbox 256 2167 1791 2211; baseline 0.001 -3"><span class='ocrx_word' id='word_1_204' title='bbox 256 2171 348 2210; x_wconf 79' lang='lat'><strong>677.</strong></span> <span class='ocrx_word' id='word_1_205' title='bbox 410 2168 452 2207; x_wconf 82' lang='lat'>0.</span> <span class='ocrx_word' id='word_1_206' title='bbox 485 2172 654 2206; x_wconf 81' lang='lat' dir='ltr'>acutum</span> <span class='ocrx_word' id='word_1_207' title='bbox 682 2167 726 2208; x_wconf 87' lang='lat' dir='ltr'>L.</span> <span class='ocrx_word' id='word_1_208' title='bbox 766 2192 818 2198; x_wconf 89' lang='lat'>—</span> <span class='ocrx_word' id='word_1_209' title='bbox 861 2169 996 2209; x_wconf 84' lang='lat' dir='ltr'>Prodr.</span> <span class='ocrx_word' id='word_1_210' title='bbox 1042 2169 1066 2208; x_wconf 96' lang='lat' dir='ltr'>l.</span> <span class='ocrx_word' id='word_1_211' title='bbox 1100 2183 1131 2209; x_wconf 77' lang='lat' dir='ltr'>c.</span> <span class='ocrx_word' id='word_1_212' title='bbox 1166 2172 1256 2211; x_wconf 78' lang='lat'>547.</span> <span class='ocrx_word' id='word_1_213' title='bbox 1290 2192 1341 2199; x_wconf 96' lang='lat'><strong>—</strong></span> <span class='ocrx_word' id='word_1_214' title='bbox 1373 2169 1429 2209; x_wconf 88' lang='lat' dir='ltr'>Pl.</span> <span class='ocrx_word' id='word_1_215' title='bbox 1462 2181 1545 2210; x_wconf 82' lang='lat' dir='ltr'>exa.</span> <span class='ocrx_word' id='word_1_216' title='bbox 1577 2168 1667 2208; x_wconf 87' lang='lat' dir='ltr'>coll.</span> <span class='ocrx_word' id='word_1_217' title='bbox 1702 2181 1791 2209; x_wconf 71' lang='lat' dir='ltr'>ven,</span> 
     </span>
     <span class='ocr_line' id='line_1_33' title="bbox 146 2238 308 2276; baseline 0 -2"><span class='ocrx_word' id='word_1_218' title='bbox 146 2247 182 2274; x_wconf 88' lang='lat' dir='ltr'>n.</span> <span class='ocrx_word' id='word_1_219' title='bbox 216 2238 308 2276; x_wconf 81' lang='lat'>393.</span> 
     </span>
    </p>

    <p class='ocr_par' dir='ltr' id='par_1_11' title="bbox 144 2301 1791 2489">
     <span class='ocr_line' id='line_1_34' title="bbox 257 2301 1791 2356; baseline -0.001 -15"><span class='ocrx_word' id='word_1_220' title='bbox 257 2301 314 2341; x_wconf 80' lang='lat' dir='ltr'>Ad</span> <span class='ocrx_word' id='word_1_221' title='bbox 345 2302 480 2341; x_wconf 83' lang='lat' dir='ltr'>fossas</span> <span class='ocrx_word' id='word_1_222' title='bbox 513 2303 747 2354; x_wconf 77' lang='lat' dir='ltr'>viarumque</span> <span class='ocrx_word' id='word_1_223' title='bbox 779 2303 986 2356; x_wconf 76' lang='lat' dir='ltr'>margines</span> <span class='ocrx_word' id='word_1_224' title='bbox 1018 2302 1122 2340; x_wconf 86' lang='lat' dir='ltr'>inter</span> <span class='ocrx_word' id='word_1_225' title='bbox 1139 2301 1347 2354; x_wconf 85' lang='lat' dir='ltr'>Zaragoza</span> <span class='ocrx_word' id='word_1_226' title='bbox 1376 2307 1416 2340; x_wconf 89' lang='lat' dir='ltr'>et</span> <span class='ocrx_word' id='word_1_227' title='bbox 1435 2302 1606 2356; x_wconf 79' lang='lat' dir='ltr'>Alagon,</span> <span class='ocrx_word' id='word_1_228' title='bbox 1638 2304 1676 2341; x_wconf 87' lang='lat' dir='ltr'>in</span> <span class='ocrx_word' id='word_1_229' title='bbox 1701 2314 1791 2355; x_wconf 86' lang='lat' dir='ltr'>gra-</span> 
     </span>
     <span class='ocr_line' id='line_1_35' title="bbox 147 2367 1791 2422; baseline 0 -16"><span class='ocrx_word' id='word_1_230' title='bbox 147 2368 318 2407; x_wconf 85' lang='lat' dir='ltr'>minosis</span> <span class='ocrx_word' id='word_1_231' title='bbox 348 2367 522 2407; x_wconf 82' lang='lat' dir='ltr'>humidis</span> <span class='ocrx_word' id='word_1_232' title='bbox 552 2368 675 2407; x_wconf 83' lang='lat' dir='ltr'>salsis</span> <span class='ocrx_word' id='word_1_233' title='bbox 706 2370 810 2407; x_wconf 88' lang='lat' dir='ltr'>inter</span> <span class='ocrx_word' id='word_1_234' title='bbox 842 2368 999 2422; x_wconf 80' lang='lat' dir='ltr'>Alagon</span> <span class='ocrx_word' id='word_1_235' title='bbox 1029 2371 1070 2407; x_wconf 84' lang='lat' dir='ltr'>et</span> <span class='ocrx_word' id='word_1_236' title='bbox 1094 2367 1229 2422; x_wconf 77' lang='lat' dir='ltr'>Borja‚</span> <span class='ocrx_word' id='word_1_237' title='bbox 1261 2369 1300 2406; x_wconf 91' lang='lat' dir='ltr'>in</span> <span class='ocrx_word' id='word_1_238' title='bbox 1332 2368 1542 2408; x_wconf 88' lang='lat' dir='ltr'>sterilibus</span> <span class='ocrx_word' id='word_1_239' title='bbox 1573 2370 1791 2421; x_wconf 79' lang='lat' dir='ltr'>praecipue</span> 
     </span>
     <span class='ocr_line' id='line_1_36' title="bbox 144 2433 1789 2489; baseline 0 -17"><span class='ocrx_word' id='word_1_240' title='bbox 144 2433 353 2487; x_wconf 81' lang='lat' dir='ltr'>argillosis</span> <span class='ocrx_word' id='word_1_241' title='bbox 397 2433 673 2489; x_wconf 84' lang='lat' dir='ltr'>salsuginosis</span> <span class='ocrx_word' id='word_1_242' title='bbox 704 2447 777 2488; x_wconf 87' lang='lat' dir='ltr'>per</span> <span class='ocrx_word' id='word_1_243' title='bbox 806 2439 930 2475; x_wconf 86' lang='lat' dir='ltr'>totam</span> <span class='ocrx_word' id='word_1_244' title='bbox 963 2436 1203 2488; x_wconf 79' lang='lat' dir='ltr'>Aragoniam</span> <span class='ocrx_word' id='word_1_245' title='bbox 1234 2433 1470 2473; x_wconf 82' lang='lat' dir='ltr'>inferiorem</span> <span class='ocrx_word' id='word_1_246' title='bbox 1502 2439 1541 2473; x_wconf 85' lang='lat' dir='ltr'>et</span> <span class='ocrx_word' id='word_1_247' title='bbox 1572 2433 1789 2473; x_wconf 76' lang='lat' dir='ltr'>castellam</span> 
     </span>
    </p>
   </div>
   <div class='ocr_carea' id='block_1_8' title="bbox 146 2499 1170 2596">
    <p class='ocr_par' dir='ltr' id='par_1_12' title="bbox 146 2499 1170 2596">
     <span class='ocr_line' id='line_1_37' title="bbox 146 2499 628 2540; baseline 0 -2"><span class='ocrx_word' id='word_1_248' title='bbox 146 2511 302 2540; x_wconf 84' lang='lat' dir='ltr'>novam.</span> <span class='ocrx_word' id='word_1_249' title='bbox 335 2499 447 2540; x_wconf 88' lang='lat' dir='ltr'>Julio</span> <span class='ocrx_word' id='word_1_250' title='bbox 477 2513 509 2540; x_wconf 88' lang='lat' dir='ltr'>c.</span> <span class='ocrx_word' id='word_1_251' title='bbox 544 2499 628 2539; x_wconf 87' lang='lat' dir='ltr'>flor.</span> 
     </span>
     <span class='ocr_line' id='line_1_38' title="bbox 754 2554 1170 2596; baseline 0.005 -2"><span class='ocrx_word' id='word_1_252' title='bbox 754 2554 1170 2596; x_wconf 77' lang='lat' dir='ltr'>Gentiana&#39;ceae.</span> 
     </span>
    </p>
   </div>
   <div class='ocr_carea' id='block_1_9' title="bbox 147 2623 1782 2860">
    <p class='ocr_par' dir='ltr' id='par_1_13' title="bbox 147 2623 1782 2860">
     <span class='ocr_line' id='line_1_39' title="bbox 839 2623 1087 2673; baseline 0 -11"><span class='ocrx_word' id='word_1_253' title='bbox 839 2623 1087 2673; x_wconf 78' lang='lat' dir='ltr'>Erythraea.</span> 
     </span>
     <span class='ocr_line' id='line_1_40' title="bbox 255 2684 1782 2738; baseline -0.002 -9"><span class='ocrx_word' id='word_1_254' title='bbox 255 2690 347 2729; x_wconf 82' lang='lat'>678.</span> <span class='ocrx_word' id='word_1_255' title='bbox 407 2685 458 2726; x_wconf 82' lang='grc' dir='ltr'>Ε.</span> <span class='ocrx_word' id='word_1_256' title='bbox 490 2690 780 2726; x_wconf 71' lang='lat' dir='ltr'>ramosissima</span> <span class='ocrx_word' id='word_1_257' title='bbox 809 2689 851 2729; x_wconf 91' lang='lat' dir='ltr'>P.</span> <span class='ocrx_word' id='word_1_258' title='bbox 881 2684 925 2737; x_wconf 81' lang='grc' dir='ltr'>β.</span> <span class='ocrx_word' id='word_1_259' title='bbox 955 2691 1161 2738; x_wconf 79' lang='lat' dir='ltr'>pulchella</span> <span class='ocrx_word' id='word_1_260' title='bbox 1192 2688 1265 2727; x_wconf 89' lang='lat' dir='ltr'>Fr.</span> <span class='ocrx_word' id='word_1_261' title='bbox 1298 2711 1347 2716; x_wconf 95' lang='lat'>—</span> <span class='ocrx_word' id='word_1_262' title='bbox 1384 2689 1518 2730; x_wconf 88' lang='lat' dir='ltr'>l&#39;rodr.</span> <span class='ocrx_word' id='word_1_263' title='bbox 1543 2688 1608 2728; x_wconf 78' lang='lat' dir='ltr'>lx.</span> <span class='ocrx_word' id='word_1_264' title='bbox 1634 2687 1782 2728; x_wconf 62' lang='lat'><strong>[057.</strong></span> 
     </span>
     <span class='ocr_line' id='line_1_41' title="bbox 256 2752 1782 2797; baseline 0.001 -4"><span class='ocrx_word' id='word_1_265' title='bbox 256 2753 301 2793; x_wconf 85' lang='lat' dir='ltr'>ln</span> <span class='ocrx_word' id='word_1_266' title='bbox 340 2754 527 2794; x_wconf 84' lang='lat' dir='ltr'>arenosis</span> <span class='ocrx_word' id='word_1_267' title='bbox 562 2752 738 2794; x_wconf 78' lang='lat' dir='ltr'>humidis</span> <span class='ocrx_word' id='word_1_268' title='bbox 777 2757 881 2795; x_wconf 83' lang='lat' dir='ltr'>inter</span> <span class='ocrx_word' id='word_1_269' title='bbox 920 2754 1023 2797; x_wconf 81' lang='lat' dir='ltr'>Jaca</span> <span class='ocrx_word' id='word_1_270' title='bbox 1061 2760 1101 2796; x_wconf 83' lang='lat' dir='ltr'>et</span> <span class='ocrx_word' id='word_1_271' title='bbox 1141 2756 1182 2795; x_wconf 89' lang='lat' dir='ltr'>S.</span> <span class='ocrx_word' id='word_1_272' title='bbox 1224 2755 1333 2796; x_wconf 80' lang='lat' dir='ltr'>Juan</span> <span class='ocrx_word' id='word_1_273' title='bbox 1370 2755 1420 2795; x_wconf 83' lang='lat' dir='ltr'>de</span> <span class='ocrx_word' id='word_1_274' title='bbox 1459 2756 1498 2794; x_wconf 88' lang='lat' dir='ltr'>la</span> <span class='ocrx_word' id='word_1_275' title='bbox 1530 2755 1641 2795; x_wconf 81' lang='lat' dir='ltr'>Pena</span> <span class='ocrx_word' id='word_1_276' title='bbox 1678 2766 1782 2794; x_wconf 83' lang='lat' dir='ltr'>raro.</span> 
     </span>
     <span class='ocr_line' id='line_1_42' title="bbox 147 2816 440 2860; baseline -0.007 0"><span class='ocrx_word' id='word_1_277' title='bbox 147 2816 257 2860; x_wconf 79' lang='lat' dir='ltr'>Jnuo</span> <span class='ocrx_word' id='word_1_278' title='bbox 290 2833 324 2859; x_wconf 86' lang='lat' dir='ltr'>c.</span> <span class='ocrx_word' id='word_1_279' title='bbox 357 2818 440 2859; x_wconf 79' lang='lat' dir='ltr'>flor.</span> 
     </span>
    </p>
   </div>
  </div>
 </body>
</html>
