1867 3215
154 90 246 137 172

606 241 863 301 Acldenda
901 244 954 278 et
989 242 1323 288 corrigenda.

266 348 322 389 Ad
352 363 389 389 n.
423 353 488 392 66.
521 349 566 391 ln
598 352 885 394 observatione
915 366 986 407 pro
1018 356 1157 403 „non“
1189 354 1406 409 legendum
1436 359 1501 394 est
1531 358 1697 405 .„mea.“

264 416 320 456 Ad
351 429 389 456 n.
413 420 500 458 155.
534 418 677 459 Planta
708 419 781 460 sub
800 421 965 460 nomine
987 419 1263 472 Gypsophilae
1286 421 1529 474 fastiqiatae
1554 426 1789 463 enumerata

153 487 275 536 atque
317 485 357 523 in
401 485 708 526 collectionibus
747 487 880 526 venai.
926 487 1000 527 sub
1039 501 1204 527 numero
1247 492 1325 529 396
1366 489 1473 529 edita
1520 494 1585 530 est
1627 491 1790 544 species

149 563 274 600 nova,
323 564 439 603 quam
473 551 519 592 G.
553 555 809 601 hispanicam
849 553 1106 594 denominavi
1144 560 1264 607 atque
1303 557 1342 594 in
1382 569 1507 610 opere
1545 556 1595 597 de
1637 557 1788 610 plantis

152 618 394 671 peninsulae
423 619 601 660 ibericae
632 619 864 673 halophilis,
892 621 995 674 quod
1015 635 1103 661 mox
1122 622 1345 674 apparebit,
1374 627 1560 662 accurate
1576 622 1786 678 descripsi.

146 685 330 725 Plantam
371 686 573 726 laudatam
615 700 637 726 a
668 688 712 727 G.
742 688 950 742 fastigiata
979 688 1207 728 distinctam
1241 693 1281 727 et
1311 689 1574 742 probabiliter
1608 692 1785 742 speciem

149 764 291 791 novam
324 766 419 792 esse
449 754 602 805 primus
633 756 822 809 cognovit
853 756 900 794 (l.
932 755 1406 795 Reichenbachius
1435 754 1490 796 fil.

260 819 318 859 Ad
349 834 385 859 n.
424 825 511 862 161.
544 821 689 861 Planta
719 823 793 862 sub
825 825 988 862 nomine
1014 822 1374 874 Dimelltisuperbi
1403 829 1638 864 enumerata
1668 829 1789 879 atque

154 887 192 926 in
224 887 315 926 coll.
349 901 437 926 ven.
474 889 548 928 sub
580 902 643 930 no.
677 893 752 930 521
788 890 895 929 edita
927 895 989 929 est
1021 892 1182 944 species
1213 890 1428 931 distincta:

256 952 309 997 1).
347 958 580 993 valentinus
613 969 651 996 n.
691 971 752 1010 sp.
793 958 1005 1005 Perennis,
1048 958 1225 997 caudicis
1265 957 1535 998 divisionibus
1575 960 1789 1011 prostratis

150 1022 323 1078 lignosis
353 1023 492 1062 caules
523 1023 724 1063 floriferos
753 1025 1011 1078 ramulosque
1043 1025 1205 1064 steriles
1236 1023 1472 1072 edentibus3
1508 1025 1690 1066 caulibus
1721 1025 1787 1065 ad-

150 1089 440 1130 scendentibus
471 1092 624 1130 strictis
655 1092 908 1145 simplicibus
939 1093 1002 1132 vel
1035 1092 1202 1132 furcatis
1241 1091 1303 1130 vel
1343 1105 1522 1146 superne
1561 1091 1788 1132 dichotome

147 1158 340 1206 ramosis3
373 1156 482 1197 foliis
511 1163 684 1213 anguste
715 1159 938 1199 linearibus
969 1160 1102 1213 planis
1132 1161 1263 1199 acutis
1293 1160 1380 1199 basi
1411 1160 1533 1214 longe
1563 1161 1788 1200 attenuatis

145 1226 328 1279 margine
359 1226 450 1272 (sub
470 1226 598 1273 lente)
629 1231 772 1281 argute
795 1227 1021 1274 serrulatis,
1054 1228 1296 1267 ramulorum
1327 1228 1524 1266 sterilium
1557 1227 1692 1282 longis
1720 1241 1788 1282 pa·

151 1291 405 1332 tulo-erectis
435 1292 563 1333 dense
593 1292 869 1342 fasciculatis,
901 1295 1074 1335 caulium
1108 1295 1374 1335 floriferorum
1415 1294 1648 1348 adpressis,
1687 1294 1786 1336 infe-

147 1360 324 1399 rioribus
355 1361 572 1416 elongatis,
604 1362 886 1415 superioribus
915 1362 1127 1412 brevibus3
1159 1362 1327 1402 floribus
1360 1363 1557 1403 solitariis
1573 1364 1786 1416 speciosis,

150 1429 332 1479 squamis
363 1428 558 1481 calycinis
588 1432 613 1470 6
644 1428 762 1468 valde
792 1430 1076 1483 inaequalibus
1109 1432 1489 1470 ovato-acuminatis
1524 1431 1786 1478 acutissimis,

148 1493 300 1535 infimis
343 1496 517 1535 mediam
562 1496 715 1548 calycis
752 1498 962 1551 permagni
1004 1510 1181 1550 superne
1228 1496 1344 1536 valde
1389 1499 1586 1537 attenuati
1630 1502 1786 1552 partem

147 1563 441 1616 aequantibus3
474 1563 698 1615 petalorum
730 1576 866 1618 ungue
896 1568 1072 1613 exserto,
1104 1565 1253 1603 lamina
1282 1565 1450 1604 circuitu
1467 1565 1642 1620 oblonga
1657 1579 1786 1619 usque

146 1629 197 1670 ad
227 1629 400 1670 medium
434 1631 643 1687 eleganter
672 1629 1066 1683 fimbriatoapartita3
1112 1631 1359 1686 genitalibus
1400 1631 1591 1682 inclusis,
1621 1634 1785 1672 semini-

141 1697 216 1738 bus
247 1697 444 1739 laevibus.

258 1765 290 1806 Ε
322 1767 505 1805 sectione
537 1764 862 1818 Caryophyllum
892 1763 1021 1804 Endl
1067 1777 1159 1820 gen.
1191 1768 1283 1807 971.
1331 1765 1473 1805 Planta
1504 1765 1579 1806 sub
1609 1765 1785 1807 dumetis

144 1845 292 1886 repens
323 1832 431 1872 laete
464 1832 617 1873 viridis.
677 1832 915 1872 Divisiones
955 1831 1134 1872 caudicis
1170 1846 1342 1886 pennam
1374 1834 1576 1873 corvinam
1621 1846 1786 1874 crassae

144 1899 510 1940 fusco-corticatae.
581 1899 745 1939 Ramuli
774 1899 939 1938 steriles
970 1901 1174 1939 numerosi
1205 1902 1421 1952 praecipue
1453 1901 1502 1941 ad
1533 1901 1661 1940 hasim
1693 1913 1784 1939 cau-

143 1967 239 2007 lium
287 1967 579 2016 floriferorum,
620 1967 857 2020 tetraquetri
894 1967 1130 2020 (praecipue
1171 1966 1347 2007 laxiores
1392 1969 1591 2022 elongati)
1634 1969 1783 2020 asperi.

145 2034 294 2075 Caules
324 2033 490 2084 floriferi
522 2033 689 2087 pedales
717 2039 756 2074 et
787 2034 890 2074 ultra
920 2034 1118 2073 interdum
1149 2034 1271 2087 longe
1299 2035 1405 2074 inter
1431 2034 1598 2074 frutices
1615 2034 1783 2074 adscen-

146 2101 291 2142 dentes
320 2101 658 2150 subscandentes,
691 2101 943 2141 teretiusculi
975 2102 1121 2154 asperi.
1166 2099 1282 2140 Folia
1311 2102 1552 2141 ramulorum
1585 2103 1782 2143 sterilium

144 2173 185 2210 et
230 2169 390 2209 caulina
420 2168 614 2209 inferiora
647 2170 806 2217 1-—l¹s2
839 2169 934 2222 poll.
968 2169 1104 2223 longa,
1137 2170 1211 2208 lm
1241 2169 1345 2217 lata,
1376 2169 1535 2209 caulina
1575 2171 1785 2225 superiora

145 2238 210 2276 vix
242 2236 465 2290 pollicaria,
500 2249 656 2276 summa
673 2234 929 2283 brevissima,
960 2236 1093 2275 omnia
1110 2237 1322 2275 uninervia
1342 2237 1524 2290 margine
1541 2237 1781 2287 incrassata,

145 2303 286 2359 rigida.
356 2302 472 2343 Folia
511 2303 672 2343 caulina
711 2307 820 2342 arcte
865 2303 1085 2356 adpressa,
1126 2303 1384 2355 quamobrem
1425 2303 1563 2342 caules
1603 2301 1780 2342 habitum

143 2373 333 2425 junceum
366 2369 557 2413 referunt,
617 2369 760 2409 Flores
791 2371 854 2410 vel
885 2371 1023 2410 caules
1053 2370 1260 2422 simplices
1290 2371 1556 2409 terminantes
1588 2370 1651 2409 vel
1691 2370 1781 2409 laxe

144 2438 371 2478 dichotome
402 2437 637 2489 paniculati,
669 2437 908 2490 pedunculis
938 2437 1326 2489 erecto-patentibus
1356 2436 1555 2476 interdum
1582 2436 1780 2476 subtetra-

145 2507 277 2561 gonis.
337 2504 461 2557 Calyx
491 2504 566 2543 sub
597 2504 756 2544 antlresi
793 2506 891 2544 140¹
922 2505 1082 2557 longus,
1113 2504 1519 2543 ovato-lanceolatus
1545 2504 1782 2557 (praecipuo

145 2575 185 2612 in
203 2572 442 2621 alabastro),
474 2571 683 2626 eleganter
713 2573 896 2621 striatus,
928 2573 1087 2612 laciniis
1118 2571 1359 2610 acuminatis
1377 2571 1544 2611 obtusis.
1576 2570 1781 2624 Squamae

147 2640 356 2692 calycinae
387 2643 619 2678 constanter
636 2641 675 2687 6,
707 2636 869 2678 infimae
896 2641 1047 2679 intimis
1063 2639 1183 2691 duplo
1202 2639 1422 2685 breviores,
1455 2651 1595 2678 omnes
1611 2638 1780 2678 striatas

148 2708 331 2759 margine
361 2708 580 2752 scariosae,
612 2706 686 2745 sub
719 2705 878 2745 antliesi
919 2707 1046 2759 calyci
1087 2711 1196 2745 arcte
1237 2706 1470 2759 adpressae.
1528 2705 1670 2744 Petala
1699 2717 1778 2744 non

148 2775 350 2828 contigua,
383 2772 499 2813 fauce
532 2773 697 2812 barbata
727 2774 790 2812 vel
821 2773 939 2821 nuda,
975 2774 1124 2812 lamina
1155 2774 1290 2826 patula
1321 2773 1620 2827 6-8“‘longa
1644 2784 1776 2821 rosea,

148 2854 244 2880 area
271 2840 404 2880 media
435 2843 593 2895 integra
615 2841 802 2894 oblonga,
834 2839 1001 2879 fimbriis
1019 2841 1310 2894 angustissime
1328 2840 1562 2879 linearibus.
1593 2839 1777 2880 Stamina

149 2908 285 2966 calyce
304 2907 502 2959 breviora,
526 2908 719 2949 antherae
735 2908 1189 2962 elliptico-lanceolatae
1215 2920 1400 2948 carneae.
1447 2908 1622 2947 Germen
1641 2908 1776 2946 ovato-
