1867 3215
190 119 284 166 106

295 248 352 288 Ad
383 247 519 287 fossas
548 259 753 301 sepesque
770 247 988 288 Arundinis
1004 248 1182 289 Donacis
1214 251 1253 290 in
1286 251 1398 302 parte
1430 247 1826 292 meridionalLHuer·

179 318 245 354 tae
285 314 333 353 de
366 313 563 353 valencia
603 317 643 353 et
682 315 902 369 praecipue
932 316 1037 356 inter
1068 329 1233 371 campos
1265 317 1422 369 oryzae
1453 317 1608 356 sativae
1639 318 1820 370 copiose.

177 384 275 435 Aug.
308 394 339 420 e.
373 379 411 419 ss.

858 447 1146 490 Convolvulus.

293 515 392 566 688..
450 512 492 551 C.
525 517 792 554 cantabr-tous
823 514 866 554 Ι..
911 537 961 543 --
1003 516 1138 557 Prodr.
1181 517 1204 555 l.
1247 531 1278 556 c.
1312 522 1405 559 402.
1439 542 1490 548 —
1522 517 1578 558 Pl.
1613 531 1698 558 exs.
1731 517 1821 558 coll.

178 591 265 619 ven.
299 592 336 619 n.
371 581 464 620 266.

289 646 334 685 ln
367 647 529 686 saxosis
558 661 684 701 prope
716 662 862 704 pagum
894 650 1003 690 Yesa
1033 651 1073 690 in
1094 651 1273 691 Navarra
1304 652 1483 704 copiose.
1515 651 1641 692 Junio
1673 665 1705 691 c.
1738 649 1823 690 flor.

178 712 326 752 Rarius
368 715 407 752 in
449 716 636 754 arenosis
675 717 782 755 inter
813 715 972 756 Daroca
1012 721 1052 756 et
1089 717 1290 758 Carinena
1331 720 1370 758 in
1414 719 1617 773 Aragonia
1657 718 1825 758 australi

177 779 322 825 (forma
354 779 517 820 humilis
548 781 827 832 brevicaulis).
861 784 972 824 Julio
1003 799 1035 824 c.
1069 784 1154 824 flor.

291 849 384 888 689.
447 848 489 889 C.
521 851 702 888 lineatus
733 847 776 889 L.
809 877 860 883 -
900 851 1037 892 Prodr.
1071 852 1095 891 Ι.
1129 867 1160 895 c.
1192 855 1283 894 403.
1318 877 1368 884 -
1402 852 1444 892 Pl
1491 866 1574 892 exs.
1608 851 1698 891 coll.
1733 864 1820 891 ven.

172 927 210 953 n.
244 916 336 955 248.

288 981 332 1020 ln
379 983 606 1037 margaceis
651 984 860 1024 sterilibus
905 984 1030 1025 aridis
1075 987 1179 1024 inter
1220 986 1439 1037 Pamplona
1481 990 1522 1024 et
1561 984 1744 1025 Monreal
1785 989 1824 1023 et

175 1048 271 1087 alibi
312 1050 350 1087 in
380 1048 559 1089 Navarra
601 1051 858 1100 australiori3
912 1053 950 1091 in
983 1053 1187 1106 Aragonia
1228 1053 1438 1104 superiore
1479 1065 1604 1105 prope
1634 1051 1737 1091 Jaca
1776 1050 1825 1090 ad

173 1115 277 1154 viam
310 1128 413 1168 quae
453 1115 562 1156 ducit
607 1116 656 1156 ad
699 1130 847 1171 pagum
879 1115 1107 1166 (lanfranc-3
1150 1120 1188 1157 in
1228 1119 1431 1172 glareosis
1474 1120 1578 1157 inter
1608 1118 1824 1168 carmena,

176 1182 334 1222 Daroca
365 1186 405 1221 et
429 1181 604 1231 Molina3
639 1185 679 1222 in
712 1184 882 1237 planitie
913 1185 995 1224 alta
1027 1185 1209 1224 calcarea
1238 1187 1343 1224 circa
1374 1197 1520 1240 pagum
1556 1182 1752 1224 Barra'lcas
1781 1187 1821 1223 in

173 1262 302 1304 regno
334 1249 542 1289 valentino
574 1251 898 1304 septentrionali.
939 1251 1241 1306 Junio—Aug.
1273 1266 1305 1291 c..
1342 1251 1425 1291 ssor.

281 1319 373 1357 69⁰.
436 1315 478 1355 0.
511 1319 704 1355 arn-ensis
733 1317 774 1357 L.

284 1382 331 1421 ln
363 1382 483 1422 cultis
514 1395 638 1436 prope
671 1383 797 1424 Olave
829 1389 869 1424 et
900 1385 998 1424 alibi
1031 1387 1070 1425 in
1088 1386 1296 1438 Navarra3
1328 1399 1399 1439 per
1428 1390 1551 1425 lolam
1572 1385 1821 1439 Hispaniam.

170 1448 296 1490 Junio
328 1463 360 1488 e.
395 1448 482 1488 flor.

282 1519 374 1558 691,
438 1515 480 1554 0.
512 1518 765 1556 alchaeoides
796 1516 839 1559 L.
871 1541 922 1548 -—
953 1518 1089 1558 Prodr.
1124 1519 1146 1557 l.
1181 1532 1212 1560 c.
1245 1521 1335 1559 409.

281 1583 340 1622 Ad
371 1596 559 1638 agrorum
592 1585 801 1637 margines
833 1586 872 1623 in
904 1586 1108 1624 montibus
1143 1598 1269 1638 prope
1301 1583 1427 1624 Chiva
1456 1586 1493 1624 in
1525 1597 1650 1637 regno
1684 1584 1819 1624 valen-

166 1649 250 1688 tino
283 1655 458 1690 exeunte
489 1651 671 1704 Augusto
704 1649 797 1690 hinc
828 1651 921 1691 inde
952 1651 1081 1692 adhuc
1113 1651 1274 1691 florens.

868 1717 1115 1771 Calysceqia.

276 1785 369 1824 692.
432 1782 475 1823 0.
510 1782 750 1822 δοίάαηείἱα
779 1785 828 1826 R
862 1784 936 1824 Br.
980 1808 1029 1814 —
1071 1783 1206 1824 Prodr.
1249 1784 1274 1823 l
1316 1797 1347 1824 e.
1384 1798 1420 1838 p.
1451 1787 1545 1826 433.
1605 1782 1815 1831 (Convolv.

165 1848 402 1889 Soldanella
431 1850 492 1901 L.)

280 1916 324 1955 ln
355 1929 481 1956 arena
510 1917 648 1956 mobili
680 1917 730 1957 ad
766 1919 872 1957 viam
904 1918 1026 1957 maris
1058 1931 1183 1972 prope
1200 1918 1443 1958 Valentiam.
1476 1921 1578 1974 Aug.
1608 1920 1698 1959 sine
1727 1918 1813 1959 flor.

275 1986 370 2025 693.
431 1983 475 2023 0.
506 1985 664 2033 sepium
696 1984 744 2024 R.
778 1983 849 2023 Br.
881 2008 933 2015 —
965 1983 1100 2024 Prodr.
1133 1984 1158 2024 l.
1192 1999 1223 2024 c.
1266 1985 1480 2033 (Convolv.
1513 1987 1672 2040 sepium
1702 1985 1762 2031 L.)

277 2049 322 2089 ln
353 2051 523 2105 sepibus
554 2051 775 2091 Arundinis
807 2051 985 2090 Donacis
1016 2063 1141 2104 prope
1160 2051 1387 2092 Valentiam
1421 2054 1462 2092 in
1493 2054 1697 2092 consortio
1729 2042 1841 2105 lpos

166 2129 309 2157 maeae
339 2114 585 2172 sagittatae3
618 2119 719 2173 Aug.
753 2131 786 2157 c.
821 2117 907 2159 flor.
940 2118 1019 2158 Per
1052 2121 1176 2157 totam
1207 2118 1444 2173 Hispaniam
1477 2119 1568 2159 hinc
1597 2119 1703 2160 inde.

889 2184 1086 2224 Cuscuca.

277 2252 370 2291 694.
432 2250 475 2290 0.
517 2248 651 2298 major
691 2251 895 2304 choisy
937 2253 976 2291 in
1019 2250 1157 2291 Prodr.
1202 2252 1225 2290 l.
1269 2265 1301 2291 c.
1344 2266 1381 2306 p.
1419 2255 1512 2294 452.
1545 2274 1594 2281 --
1638 2252 1694 2291 Pl.
1728 2264 1812 2292 exs.

164 2316 258 2355 coll.
286 2320 376 2358 Oen.
409 2330 446 2357 n.
479 2314 560 2359 455
591 2331 637 2357 ex
672 2319 810 2370 parte!
846 2318 908 2366 (C.
943 2317 1199 2372 Epithymum
1234 2317 1403 2364 Tlmill.)

274 2382 404 2436 Prope
437 2383 584 2424 balnea
613 2384 801 2424 Tiermes
840 2386 880 2424 in
913 2385 1115 2438 Aragonia
1156 2386 1366 2437 superiore
1398 2386 1436 2423 in
1470 2384 1698 2437 Laserpitio
1730 2383 1812 2437 gal-

162 2447 238 2486 lico
269 2448 414 2492 (forma
445 2450 605 2490 laciniis
637 2451 861 2503 petalorum
894 2452 1063 2505 palulis)
1084 2482 1093 2500 ,
1125 2463 1250 2504 prope
1280 2450 1675 2491 Prados-Redondos
1707 2449 1809 2489 haud

163 2515 300 2566 procul
335 2529 357 2553 a
388 2515 542 2556 Molina
584 2516 632 2556 «le
664 2518 823 2572 Aragon
856 2519 894 2556 in
929 2519 1069 2558 Salvia
1100 2516 1374 2570 Hispanorum
1407 2523 1445 2556 et
1478 2517 1694 2557 Artemisia
1723 2517 1810 2570 glu-

163 2581 297 2620 tinosa
329 2581 481 2629 (forma
512 2583 673 2622 laciniis
706 2585 929 2636 potalorum
963 2582 1155 2628 reflexis).
1190 2583 1374 2623 Junio—
1394 2584 1492 2637 Aug.
1526 2596 1557 2622 c.
1580 2582 1676 2622 flor.
1707 2582 1767 2621 fr..

274 2649 367 2688 695.
431 2648 472 2687 C.
513 2652 649 2688 minor
692 2650 887 2702 Clioisy
927 2651 950 2688 l.
994 2665 1026 2688 c.
1069 2653 1160 2691 ⁴53.
1204 2671 1251 2676 ——
1298 2650 1353 2688 l'l.
1401 2663 1486 2688 exs.
1529 2647 1617 2690 coll.
1648 2660 1737 2688 ven.
1766 2651 1807 2687 π’.

163 2716 244 2755 455
275 2728 323 2753 ex
356 2716 493 2768 parte!
527 2716 587 2759 (C.
619 2715 876 2769 Epillnymum
908 2717 991 2756 Sm.
1026 2720 1066 2755 et
1096 2715 1201 2755 Flor.
1239 2716 1356 2758 Dan.)

273 2780 370 2819 Cum
402 2780 673 2834 praecedente
706 2795 830 2836 prope
861 2780 1252 2822 Prados-Redondos
1284 2784 1322 2821 in
1355 2782 1492 2822 Salvia
1523 2781 1804 2835 Hispanorum.

164 2847 262 2899 Aug.
294 2860 326 2886 c.
362 2845 444 2887 flor.
480 2846 522 2885 fr.
