1867 3215
191 122 284 167 134

801 244 1208 298 Phycolaoeeae.

290 316 384 354 877.
447 311 705 363 Phycoeacca
736 313 950 352 decandra
981 312 1025 354 L.
1056 313 1215 368 Moequ.
1246 315 1270 356 l.
1302 328 1333 356 c.
1365 329 1403 368 p.
1435 318 1500 356 32.
1585 322 1596 325 χ

296 378 341 417 ln
374 377 480 417 valle
517 377 631 417 fluvii
671 376 873 419 Bidassoa
914 392 1042 434 prope
1078 380 1189 422 Yrun
1230 381 1332 421 loeis
1369 381 1572 423 umbrosis
1610 380 1830 437 pinguibus

183 444 391 497 frequens,
423 443 496 484 sed
526 443 659 484 medio
691 444 816 484 Junio
847 444 1024 486 nondum
1055 446 1219 487 florens.
1289 447 1438 488 Gaulos
1477 449 1558 500 iam
1592 451 1675 489 ium
1705 446 1830 488 homi-

180 524 270 551 nem
306 511 377 550 alti
408 515 448 550 et
479 511 566 550 basi
597 515 622 551 2
652 510 822 564 pollices
853 513 985 552 crassi
1016 516 1147 552 erant.

816 577 1190 619 sacaozaoeae.

846 643 1167 695 Claeenopodium.

291 715 386 756 878.
448 712 520 754 Ch.
558 712 763 752 Vulvaria
793 711 839 755 L.
868 712 1028 767 Moequ.
1053 711 1086 752 1.
1119 726 1151 756 c.
1182 727 1221 768 p.
1251 716 1317 755 64.

290 779 336 820 ln
366 779 567 820 ruderatis
597 792 724 834 prope
755 779 939 828 Sarrion,
972 779 1125 821 Teruel
1155 784 1230 821 etc.
1264 782 1304 820 in
1335 781 1562 836 Aragonia;
1605 792 1677 834 per
1705 781 1830 820 iotam

179 845 265 886 fere
294 846 548 899 Hispaniam.
580 847 680 902 Aug.
714 860 749 888 c.
780 846 865 888 flor.

289 915 383 954 879.
445 913 516 953 012.
549 916 686 952 album
714 912 757 953 L.
789 911 951 966 Mocqu.
984 912 1010 953 l.
1042 925 1074 952 c.
1108 925 1145 965 p.
1177 915 1244 955 70.

292 979 337 1020 ln
369 980 502 1029 cultis,
534 980 737 1020 oleraceis
769 992 895 1033 prope
918 979 1028 1020 Yrun
1061 983 1101 1019 et
1130 979 1228 1020 alibi
1258 980 1300 1021 in
1331 978 1548 1021 Cantabria
1558 993 1569 1034 5
1601 992 1674 1036 per
1702 983 1828 1021 totam

186 1047 438 1102 Hispaniam.
472 1047 597 1088 Junio
628 1060 661 1086 c.
693 1047 734 1087 fl.

295 1117 391 1156 880.
452 1114 523 1153 Ch.
556 1115 855 1153 amorosioides
883 1111 925 1154 1..
954 1110 1115 1166 Mocqu.
1146 1113 1170 1151 l.
1202 1126 1234 1153 e.
1268 1127 1309 1166 p.
1340 1116 1407 1155 72.

295 1181 353 1223 Ad
400 1181 536 1221 fossas
576 1193 682 1235 aqua
711 1181 869 1220 marina
912 1179 1104 1233 impletas
1149 1180 1255 1220 inter
1285 1180 1395 1220 Yrun
1440 1183 1481 1220 et
1521 1180 1826 1222 Fuent'errabia.

183 1248 217 1288 d.
252 1251 314 1291 1’7.
350 1248 539 1288 Decemb.
573 1261 606 1287 c.
638 1247 725 1288 flor.
1759 1251 1766 1256 '

293 1317 387 1356 881.
449 1315 519 1357 Ch.
551 1315 706 1366 Botrys
736 1313 778 1354 L.
797 1312 958 1367 Mocqu.
975 1313 1000 1356 l.
1017 1327 1050 1353 c.
1071 1327 1108 1367 p.
1127 1316 1193 1355 75.
1213 1336 1263 1344 --·
1282 1313 1342 1354 Pl.
1360 1326 1444 1356 exs.
1462 1313 1552 1354 coll.
1567 1325 1658 1356 ven.
1676 1326 1714 1354 n.
1732 1306 1825 1357 485.

292 1382 476 1423 Abundat
505 1383 546 1421 in
578 1383 690 1437 agris
731 1381 941 1421 derelictis
980 1393 1106 1434 prope
1146 1379 1378 1420 Mun-viedro
1419 1384 1541 1435 atque
1581 1381 1622 1420 in
1661 1381 1828 1422 olivetis

180 1450 284 1489 inter
314 1448 546 1489 Illurviedro
577 1452 618 1488 et
649 1448 867 1497 Valenoia3
906 1449 947 1487 in
978 1451 1147 1500 utraque
1179 1446 1360 1487 Castalia
1402 1452 1458 1494 (v.
1503 1459 1536 1487 e.
1575 1448 1618 1487 in
1661 1447 1827 1489 olivetis

179 1517 285 1556 inter
317 1516 515 1556 Carmena
545 1516 804 1556 et'l'alavera
832 1515 873 1553 in
891 1513 1000 1554 Cast.
1035 1525 1155 1560 nova,
1187 1514 1227 1552 in
1256 1515 1445 1554 arenosis
1475 1513 1526 1554 ad
1541 1515 1671 1555 rivum
1687 1514 1828 1568 Adaya

179 1584 219 1623 in
251 1583 361 1622 Cast.
393 1587 546 1631 vetere,
580 1583 621 1622 in
653 1583 794 1623 Sierra
823 1581 873 1622 de
891 1579 1167 1622 Guadarrama
1196 1582 1236 1620 in
1269 1581 1374 1621 valle
1391 1580 1574 1635 Lozoya)
1598 1580 1704 1623 haud
1718 1591 1825 1623 raro.

183 1650 426 1707 Aug—Oct.
459 1664 493 1691 c.
523 1648 563 1688 fl.

893 1711 1122 1754 Roubievo.

241 1782 244 1785 “
290 1785 386 1825 882.
445 1782 498 1823 R.
530 1781 728 1831 multifida
758 1781 954 1834 Moequ.
986 1781 1012 1820 l.
1045 1793 1076 1820 c.
1109 1794 1145 1834 p.
1177 1783 1247 1822 80.

293 1850 478 1890 Abundat
506 1849 670 1891 Madriti
701 1850 741 1888 in
773 1848 976 1889 ruder-atis
1005 1846 1070 1887 del
1100 1846 1246 1897 Prado,
1277 1848 1485 1902 praecipue
1512 1855 1639 1902 prope
1671 1847 1710 1888 el
1738 1847 1826 1890 Mu-

180 1926 252 1958 se‘o
282 1917 333 1958 de
364 1919 563 1972 pinturas,
594 1918 686 1956 sine
715 1915 836 1957 dubio
867 1928 915 1954 ex
946 1914 1062 1954 horto
1095 1913 1280 1954 botanico
1312 1915 1466 1969 elapsa.
1528 1915 1614 1956 Oct.
1647 1929 1681 1956 c.
1712 1914 1760 1956 fr.

912 1982 1086 2021 Blitum.

288 2055 382 2094 883.
444 2051 496 2091 Β.
530 2051 677 2091 Bonus
707 2048 923 2089 Henricus
954 2047 998 2088 L.
1033 2046 1193 2100 Mocqu.
1227 2047 1252 2087 l.
1286 2061 1319 2087 c.
1352 2062 1389 2102 p.
1421 2050 1488 2090 84.

290 2119 334 2159 ln
351 2119 563 2172 Pyrenaeis
580 2118 796 2173 Aragoniae
824 2118 866 2157 in
898 2116 1102 2171 glareosis
1133 2114 1357 2169 pinguibus
1386 2116 1569 2170 regionis
1585 2113 1828 2169 subalpinae,

182 2199 216 2225 v.
250 2199 284 2225 c.
318 2187 357 2224 in
387 2185 493 2225 valle
524 2185 638 2235 lzas,
671 2197 801 2238 supra
831 2182 978 2224 balnea
1007 2182 1225 2223 Ponticosa
1255 2183 1362 2222 circa
1405 2183 1568 2236 tuguria
1607 2185 1829 2233 pastorum,

181 2252 230 2293 ad
260 2254 328 2295 alt.
360 2254 667 2294 450o—5500‘.
702 2252 828 2293 Junio
861 2265 893 2291 c.
926 2250 965 2291 fl.

910 2316 1117 2367 Acripleoe.

291 2390 386 2430 884.
446 2386 496 2425 Α.
525 2397 647 2426 rosea
678 2385 722 2426 L.
757 2385 917 2436 Illocqu.
950 2384 975 2425 l.
1005 2396 1039 2423 c.
1071 2396 1109 2436 p.
1138 2385 1203 2423 92.
1247 2383 1306 2433 (A.
1341 2382 1607 2423 verticillatus
1636 2380 1751 2437 Lag.)

294 2455 338 2493 ln
371 2452 574 2495 ruderatis
605 2452 716 2492 urbis
748 2452 942 2505 Segovia.
1003 2450 1115 2503 Sept.
1149 2461 1181 2488 e.
1215 2448 1299 2488 flor.

295 2524 389 2562 885.
450 2521 496 2560 A.
530 2519 725 2559 Halimus
752 2518 796 2558 L.
830 2517 990 2570 Mocqu.
1023 2517 1048 2555 l.
1081 2529 1114 2554 c.
1145 2529 1181 2567 p.
1218 2519 1306 2556 100.

299 2588 343 2627 1η
374 2587 548 2628 humidis
577 2585 701 2626 salsis
734 2587 840 2625 inter
872 2584 1027 2638 Alagon
1059 2585 1099 2622 et
1127 2581 1251 2635 Borja
1280 2583 1321 2622 in
1337 2580 1560 2637 Aragonia3
1591 2579 1703 2622 Julio
1734 2592 1832 2621 non·

188 2654 279 2696 dum
313 2655 475 2695 florens.

881 2716 1134 2758 Salicorm’a.

297 2791 391 2830 886.
454 2787 499 2828 S.
531 2798 684 2837 anceps
713 2784 824 2838 Lag.
857 2784 909 2837 pl.
943 2783 1074 2823 barill.
1108 2795 1147 2835 p.
1183 2783 1247 2821 52.

299 2854 343 2893 1η
376 2854 551 2895 humidis
583 2853 707 2894 salsis
737 2853 843 2895 iuter
875 2850 1033 2907 Alagon
1067 2852 1107 2890 et
1136 2846 1259 2904 BorJa
1289 2846 1453 2901 passim.
1508 2842 1622 2889 Jnlio
1658 2843 1833 2888 nondum

188 2920 349 2963 florens.
