<?xml version="1.0" encoding="UTF-8"?>
<!DOCTYPE html PUBLIC "-//W3C//DTD XHTML 1.0 Transitional//EN"
    "http://www.w3.org/TR/xhtml1/DTD/xhtml1-transitional.dtd">
<html xmlns="http://www.w3.org/1999/xhtml" xml:lang="en" lang="en">
 <head>
  <title>
</title>
<meta http-equiv="Content-Type" content="text/html;charset=utf-8" />
  <meta name='ocr-system' content='tesseract 3.04.00' />
  <meta name='ocr-capabilities' content='ocr_page ocr_carea ocr_par ocr_line ocrx_word'/>
</head>
<body>
  <div class='ocr_page' id='page_1' title='image "./sertumfloraehisp00will_0130.png"; bbox 0 0 1867 3215; ppageno 0'>
   <div class='ocr_carea' id='block_1_1' title="bbox 145 63 241 111">
    <p class='ocr_par' dir='ltr' id='par_1_1' title="bbox 145 63 241 111">
     <span class='ocr_line' id='line_1_1' title="bbox 145 63 241 111; baseline 0.021 -2"><span class='ocrx_word' id='word_1_1' title='bbox 145 63 241 111; x_wconf 76' lang='lat'>12⁴2</span> 
     </span>
    </p>
   </div>
   <div class='ocr_carea' id='block_1_2' title="bbox 132 190 1793 2921">
    <p class='ocr_par' dir='ltr' id='par_1_2' title="bbox 860 190 1077 242">
     <span class='ocr_line' id='line_1_2' title="bbox 860 190 1077 242; baseline 0.005 -12"><span class='ocrx_word' id='word_1_2' title='bbox 860 190 1077 242; x_wconf 79' lang='lat' dir='ltr'>Satureja.</span> 
     </span>
    </p>

    <p class='ocr_par' dir='ltr' id='par_1_3' title="bbox 145 255 1792 380">
     <span class='ocr_line' id='line_1_3' title="bbox 249 255 1792 313; baseline 0.001 -14"><span class='ocrx_word' id='word_1_3' title='bbox 249 261 342 299; x_wconf 90' lang='grc'><strong>806.</strong></span> <span class='ocrx_word' id='word_1_4' title='bbox 405 255 450 295; x_wconf 92' lang='lat' dir='ltr'>S.</span> <span class='ocrx_word' id='word_1_5' title='bbox 474 261 673 296; x_wconf 76' lang='lat' dir='ltr'>montana</span> <span class='ocrx_word' id='word_1_6' title='bbox 705 256 750 297; x_wconf 82' lang='lat' dir='ltr'>L.</span> <span class='ocrx_word' id='word_1_7' title='bbox 781 270 870 299; x_wconf 71' lang='lat' dir='ltr'>var.</span> <span class='ocrx_word' id='word_1_8' title='bbox 886 263 1101 309; x_wconf 74' lang='lat' dir='ltr'>prostrata</span> <span class='ocrx_word' id='word_1_9' title='bbox 1132 259 1301 299; x_wconf 74' lang='lat' dir='ltr'>Boias.</span> <span class='ocrx_word' id='word_1_10' title='bbox 1335 272 1411 312; x_wconf 87' lang='lat' dir='ltr'>voy</span> <span class='ocrx_word' id='word_1_11' title='bbox 1432 257 1531 312; x_wconf 88' lang='lat' dir='ltr'>Esp.</span> <span class='ocrx_word' id='word_1_12' title='bbox 1563 259 1622 299; x_wconf 81' lang='lat' dir='ltr'>Fl.</span> <span class='ocrx_word' id='word_1_13' title='bbox 1642 272 1680 313; x_wconf 89' lang='lat' dir='ltr'>p.</span> <span class='ocrx_word' id='word_1_14' title='bbox 1699 261 1792 300; x_wconf 75' lang='lat'>495.</span> 
     </span>
     <span class='ocr_line' id='line_1_4' title="bbox 145 323 1792 380; baseline 0.001 -16"><span class='ocrx_word' id='word_1_15' title='bbox 145 349 196 356; x_wconf 90' lang='lat'>—</span> <span class='ocrx_word' id='word_1_16' title='bbox 228 325 286 365; x_wconf 91' lang='lat' dir='ltr'>Pl.</span> <span class='ocrx_word' id='word_1_17' title='bbox 319 337 405 365; x_wconf 86' lang='lat' dir='ltr'>exs.</span> <span class='ocrx_word' id='word_1_18' title='bbox 437 323 527 362; x_wconf 74' lang='lat' dir='ltr'>coll,</span> <span class='ocrx_word' id='word_1_19' title='bbox 563 336 649 363; x_wconf 89' lang='lat' dir='ltr'>ven.</span> <span class='ocrx_word' id='word_1_20' title='bbox 684 337 721 365; x_wconf 91' lang='lat' dir='ltr'>n.</span> <span class='ocrx_word' id='word_1_21' title='bbox 754 328 847 367; x_wconf 83' lang='grc'><strong>464.</strong></span> <span class='ocrx_word' id='word_1_22' title='bbox 879 326 939 377; x_wconf 86' lang='lat' dir='ltr'>(S.</span> <span class='ocrx_word' id='word_1_23' title='bbox 971 328 1138 380; x_wconf 89' lang='lat' dir='ltr'>spinosa</span> <span class='ocrx_word' id='word_1_24' title='bbox 1171 328 1212 367; x_wconf 90' lang='lat' dir='ltr'>L.</span> <span class='ocrx_word' id='word_1_25' title='bbox 1246 341 1295 366; x_wconf 78' lang='lat' dir='ltr'>ex</span> <span class='ocrx_word' id='word_1_26' title='bbox 1325 325 1468 366; x_wconf 74' lang='lat' dir='ltr'>Bentlu.</span> <span class='ocrx_word' id='word_1_27' title='bbox 1501 327 1523 367; x_wconf 75' lang='lat' dir='ltr'>l.</span> <span class='ocrx_word' id='word_1_28' title='bbox 1556 340 1588 366; x_wconf 83' lang='lat' dir='ltr'>c.</span> <span class='ocrx_word' id='word_1_29' title='bbox 1621 327 1792 379; x_wconf 0' lang='lat' dir='ltr'>p 209.)</span> 
     </span>
    </p>

    <p class='ocr_par' dir='ltr' id='par_1_4' title="bbox 138 390 1793 644">
     <span class='ocr_line' id='line_1_5' title="bbox 252 390 1793 448; baseline 0.002 -20"><span class='ocrx_word' id='word_1_30' title='bbox 252 390 297 429; x_wconf 90' lang='lat' dir='ltr'>ln</span> <span class='ocrx_word' id='word_1_31' title='bbox 329 390 554 439; x_wconf 77' lang='lat' dir='ltr'>sterilibus,</span> <span class='ocrx_word' id='word_1_32' title='bbox 600 391 790 442; x_wconf 86' lang='lat' dir='ltr'>incultis,</span> <span class='ocrx_word' id='word_1_33' title='bbox 835 393 1039 447; x_wconf 80' lang='lat' dir='ltr'>glareosis</span> <span class='ocrx_word' id='word_1_34' title='bbox 1087 395 1296 448; x_wconf 75' lang='lat' dir='ltr'><strong>Hispaniae</strong></span> <span class='ocrx_word' id='word_1_35' title='bbox 1341 393 1536 432; x_wconf 72' lang='lat' dir='ltr'>centralis</span> <span class='ocrx_word' id='word_1_36' title='bbox 1579 391 1793 432; x_wconf 74' lang='lat' dir='ltr'>orientalia</span> 
     </span>
     <span class='ocr_line' id='line_1_6' title="bbox 145 456 1792 514; baseline 0.001 -17"><span class='ocrx_word' id='word_1_37' title='bbox 145 458 359 510; x_wconf 80' lang='lat' dir='ltr'>frequens:</span> <span class='ocrx_word' id='word_1_38' title='bbox 392 458 431 496; x_wconf 92' lang='lat' dir='ltr'>in</span> <span class='ocrx_word' id='word_1_39' title='bbox 465 456 636 509; x_wconf 76' lang='lat' dir='ltr'>planitie</span> <span class='ocrx_word' id='word_1_40' title='bbox 667 458 818 498; x_wconf 83' lang='lat' dir='ltr'>inculta</span> <span class='ocrx_word' id='word_1_41' title='bbox 849 460 1044 514; x_wconf 86' lang='lat' dir='ltr'>argillosa</span> <span class='ocrx_word' id='word_1_42' title='bbox 1089 474 1215 514; x_wconf 81' lang='lat' dir='ltr'><strong>prope</strong></span> <span class='ocrx_word' id='word_1_43' title='bbox 1244 460 1417 512; x_wconf 83' lang='lat' dir='ltr'>Maynar</span> <span class='ocrx_word' id='word_1_44' title='bbox 1457 461 1562 499; x_wconf 87' lang='lat' dir='ltr'>inter</span> <span class='ocrx_word' id='word_1_45' title='bbox 1591 458 1792 498; x_wconf 76' lang='lat' dir='ltr'>earinena</span> 
     </span>
     <span class='ocr_line' id='line_1_7' title="bbox 143 523 1792 581; baseline 0 -17"><span class='ocrx_word' id='word_1_46' title='bbox 143 529 183 564; x_wconf 91' lang='lat' dir='ltr'>et</span> <span class='ocrx_word' id='word_1_47' title='bbox 215 523 375 564; x_wconf 83' lang='lat' dir='ltr'>Daroea</span> <span class='ocrx_word' id='word_1_48' title='bbox 407 525 446 563; x_wconf 92' lang='lat' dir='ltr'>in</span> <span class='ocrx_word' id='word_1_49' title='bbox 479 525 684 579; x_wconf 83' lang='lat' dir='ltr'>Aragonia</span> <span class='ocrx_word' id='word_1_50' title='bbox 714 525 909 574; x_wconf 79' lang='lat' dir='ltr'>australi3</span> <span class='ocrx_word' id='word_1_51' title='bbox 941 524 1118 566; x_wconf 79' lang='lat' dir='ltr'><strong>abundat</strong></span> <span class='ocrx_word' id='word_1_52' title='bbox 1148 528 1188 566; x_wconf 90' lang='lat' dir='ltr'>in</span> <span class='ocrx_word' id='word_1_53' title='bbox 1215 528 1328 581; x_wconf 86' lang='lat' dir='ltr'>jugis</span> <span class='ocrx_word' id='word_1_54' title='bbox 1358 527 1480 566; x_wconf 84' lang='lat' dir='ltr'>elatis</span> <span class='ocrx_word' id='word_1_55' title='bbox 1509 527 1617 566; x_wconf 87' lang='lat' dir='ltr'>cirea</span> <span class='ocrx_word' id='word_1_56' title='bbox 1638 524 1792 565; x_wconf 74' lang='lat' dir='ltr'>lllolina</span> 
     </span>
     <span class='ocr_line' id='line_1_8' title="bbox 138 590 1393 644; baseline 0.002 -15"><span class='ocrx_word' id='word_1_57' title='bbox 138 591 189 630; x_wconf 82' lang='lat' dir='ltr'>de</span> <span class='ocrx_word' id='word_1_58' title='bbox 219 592 395 644; x_wconf 83' lang='lat' dir='ltr'>Aragon,</span> <span class='ocrx_word' id='word_1_59' title='bbox 427 591 598 641; x_wconf 79' lang='lat' dir='ltr'>Setiles,</span> <span class='ocrx_word' id='word_1_60' title='bbox 631 590 846 632; x_wconf 79' lang='lat' dir='ltr'>Pozondon</span> <span class='ocrx_word' id='word_1_61' title='bbox 925 609 946 634; x_wconf 87' lang='lat' dir='ltr'>e</span> <span class='ocrx_word' id='word_1_62' title='bbox 989 592 1039 632; x_wconf 83' lang='lat' dir='ltr'>ad</span> <span class='ocrx_word' id='word_1_63' title='bbox 1068 593 1137 633; x_wconf 90' lang='lat' dir='ltr'>alt.</span> <span class='ocrx_word' id='word_1_64' title='bbox 1171 594 1393 634; x_wconf 79' lang='lat'>3—4⁰00¹.</span> 
     </span>
    </p>

    <p class='ocr_par' dir='ltr' id='par_1_5' title="bbox 819 658 1100 698">
     <span class='ocr_line' id='line_1_9' title="bbox 819 658 1100 698; baseline 0 0"><span class='ocrx_word' id='word_1_65' title='bbox 819 658 1100 698; x_wconf 80' lang='lat' dir='ltr'>Micromeria.</span> 
     </span>
    </p>

    <p class='ocr_par' dir='ltr' id='par_1_6' title="bbox 138 724 1792 910">
     <span class='ocr_line' id='line_1_10' title="bbox 259 724 1792 779; baseline 0 -14"><span class='ocrx_word' id='word_1_66' title='bbox 259 726 354 766; x_wconf 93' lang='grc'><strong>807.</strong></span> <span class='ocrx_word' id='word_1_67' title='bbox 415 724 474 764; x_wconf 89' lang='lat' dir='ltr'>M.</span> <span class='ocrx_word' id='word_1_68' title='bbox 507 724 722 774; x_wconf 78' lang='lat' dir='ltr'>marifolia</span> <span class='ocrx_word' id='word_1_69' title='bbox 754 725 937 766; x_wconf 84' lang='lat' dir='ltr'>Benth.</span> <span class='ocrx_word' id='word_1_70' title='bbox 971 726 993 767; x_wconf 94' lang='lat' dir='ltr'>l.</span> <span class='ocrx_word' id='word_1_71' title='bbox 1024 739 1055 766; x_wconf 83' lang='lat' dir='ltr'>c.</span> <span class='ocrx_word' id='word_1_72' title='bbox 1090 740 1125 779; x_wconf 90' lang='lat' dir='ltr'>p.</span> <span class='ocrx_word' id='word_1_73' title='bbox 1160 730 1252 767; x_wconf 88' lang='grc'><strong>224.</strong></span> <span class='ocrx_word' id='word_1_74' title='bbox 1284 750 1336 757; x_wconf 86' lang='lat'>--</span> <span class='ocrx_word' id='word_1_75' title='bbox 1369 727 1427 767; x_wconf 89' lang='grc' dir='ltr'>ΡΙ.</span> <span class='ocrx_word' id='word_1_76' title='bbox 1461 740 1545 767; x_wconf 81' lang='lat' dir='ltr'>exs.</span> <span class='ocrx_word' id='word_1_77' title='bbox 1578 726 1669 768; x_wconf 85' lang='lat' dir='ltr'>coll.</span> <span class='ocrx_word' id='word_1_78' title='bbox 1703 738 1792 766; x_wconf 81' lang='lat' dir='ltr'>ven.</span> 
     </span>
     <span class='ocr_line' id='line_1_11' title="bbox 141 791 1790 848; baseline -0.001 -16"><span class='ocrx_word' id='word_1_79' title='bbox 141 805 182 832; x_wconf 90' lang='lat' dir='ltr'>n.</span> <span class='ocrx_word' id='word_1_80' title='bbox 215 794 307 834; x_wconf 88' lang='grc'><strong>486.</strong></span> <span class='ocrx_word' id='word_1_81' title='bbox 367 792 556 843; x_wconf 81' lang='lat' dir='ltr'><strong>(Melissa</strong></span> <span class='ocrx_word' id='word_1_82' title='bbox 586 791 782 833; x_wconf 83' lang='lat' dir='ltr'>fruticosa</span> <span class='ocrx_word' id='word_1_83' title='bbox 811 792 852 834; x_wconf 88' lang='lat' dir='ltr'>L.</span> <span class='ocrx_word' id='word_1_84' title='bbox 885 793 1046 847; x_wconf 89' lang='lat' dir='ltr'>Nepeta</span> <span class='ocrx_word' id='word_1_85' title='bbox 1076 793 1276 834; x_wconf 84' lang='lat' dir='ltr'>marifolia</span> <span class='ocrx_word' id='word_1_86' title='bbox 1305 794 1398 834; x_wconf 86' lang='lat' dir='ltr'>Cav.</span> <span class='ocrx_word' id='word_1_87' title='bbox 1434 794 1545 848; x_wconf 83' lang='lat' dir='ltr'>prael.</span> <span class='ocrx_word' id='word_1_88' title='bbox 1580 807 1617 832; x_wconf 95' lang='lat' dir='ltr'>n.</span> <span class='ocrx_word' id='word_1_89' title='bbox 1645 796 1714 836; x_wconf 86' lang='grc'>171</span> <span class='ocrx_word' id='word_1_90' title='bbox 1750 797 1790 832; x_wconf 87' lang='lat' dir='ltr'>et</span> 
     </span>
     <span class='ocr_line' id='line_1_12' title="bbox 138 859 494 910; baseline 0 -11"><span class='ocrx_word' id='word_1_91' title='bbox 138 859 191 899; x_wconf 85' lang='lat' dir='ltr'>lc.</span> <span class='ocrx_word' id='word_1_92' title='bbox 224 859 290 899; x_wconf 90' lang='lat' dir='ltr'>Vl.</span> <span class='ocrx_word' id='word_1_93' title='bbox 323 863 350 899; x_wconf 85' lang='lat' dir='ltr'>t.</span> <span class='ocrx_word' id='word_1_94' title='bbox 384 859 494 910; x_wconf 81' lang='grc'><strong>576)</strong></span> 
     </span>
    </p>

    <p class='ocr_par' dir='ltr' id='par_1_7' title="bbox 145 924 1786 1049">
     <span class='ocr_line' id='line_1_13' title="bbox 252 924 1786 982; baseline 0.001 -17"><span class='ocrx_word' id='word_1_95' title='bbox 252 926 296 965; x_wconf 93' lang='lat' dir='ltr'>ln</span> <span class='ocrx_word' id='word_1_96' title='bbox 326 924 489 966; x_wconf 88' lang='lat' dir='ltr'>fissuris</span> <span class='ocrx_word' id='word_1_97' title='bbox 520 938 722 966; x_wconf 90' lang='lat' dir='ltr'>murorum</span> <span class='ocrx_word' id='word_1_98' title='bbox 766 931 805 966; x_wconf 91' lang='lat' dir='ltr'>et</span> <span class='ocrx_word' id='word_1_99' title='bbox 844 928 949 966; x_wconf 87' lang='lat' dir='ltr'>inter</span> <span class='ocrx_word' id='word_1_100' title='bbox 989 928 1140 982; x_wconf 88' lang='lat' dir='ltr'>gradus</span> <span class='ocrx_word' id='word_1_101' title='bbox 1185 927 1332 968; x_wconf 88' lang='lat' dir='ltr'>theatri</span> <span class='ocrx_word' id='word_1_102' title='bbox 1373 929 1529 981; x_wconf 83' lang='lat' dir='ltr'>antiqui</span> <span class='ocrx_word' id='word_1_103' title='bbox 1567 927 1786 982; x_wconf 76' lang='lat' dir='ltr'>Saguntini</span> 
     </span>
     <span class='ocr_line' id='line_1_14' title="bbox 145 992 1563 1049; baseline -0.001 -15"><span class='ocrx_word' id='word_1_104' title='bbox 145 1006 272 1046; x_wconf 83' lang='lat' dir='ltr'>prope</span> <span class='ocrx_word' id='word_1_105' title='bbox 302 992 535 1033; x_wconf 83' lang='lat' dir='ltr'>Murviedro</span> <span class='ocrx_word' id='word_1_106' title='bbox 567 995 607 1032; x_wconf 91' lang='lat' dir='ltr'>in</span> <span class='ocrx_word' id='word_1_107' title='bbox 638 1006 764 1048; x_wconf 87' lang='lat' dir='ltr'>regno</span> <span class='ocrx_word' id='word_1_108' title='bbox 798 993 1002 1033; x_wconf 83' lang='lat' dir='ltr'>valentino</span> <span class='ocrx_word' id='word_1_109' title='bbox 1034 996 1211 1048; x_wconf 83' lang='lat' dir='ltr'>copiose.</span> <span class='ocrx_word' id='word_1_110' title='bbox 1274 997 1373 1049; x_wconf 84' lang='lat' dir='ltr'>Aug.</span> <span class='ocrx_word' id='word_1_111' title='bbox 1414 1008 1445 1034; x_wconf 88' lang='lat' dir='ltr'>c.</span> <span class='ocrx_word' id='word_1_112' title='bbox 1477 994 1563 1034; x_wconf 88' lang='lat' dir='ltr'>flor.</span> 
     </span>
    </p>

    <p class='ocr_par' dir='ltr' id='par_1_8' title="bbox 246 1059 1108 1115">
     <span class='ocr_line' id='line_1_15' title="bbox 246 1059 1108 1115; baseline 0.001 -16"><span class='ocrx_word' id='word_1_113' title='bbox 246 1060 337 1099; x_wconf 73' lang='lat' dir='ltr'>Oba.</span> <span class='ocrx_word' id='word_1_114' title='bbox 398 1060 543 1100; x_wconf 82' lang='lat' dir='ltr'>Planta</span> <span class='ocrx_word' id='word_1_115' title='bbox 573 1059 839 1115; x_wconf 82' lang='lat' dir='ltr'>fragilissima</span> <span class='ocrx_word' id='word_1_116' title='bbox 869 1060 1108 1100; x_wconf 88' lang='lat' dir='ltr'>citriodora.·</span> 
     </span>
    </p>

    <p class='ocr_par' dir='ltr' id='par_1_9' title="bbox 824 1126 1099 1166">
     <span class='ocr_line' id='line_1_16' title="bbox 824 1126 1099 1166; baseline 0.004 -1"><span class='ocrx_word' id='word_1_117' title='bbox 824 1126 1099 1166; x_wconf 74' lang='lat' dir='ltr'>Calamimlta.</span> 
     </span>
    </p>

    <p class='ocr_par' dir='ltr' id='par_1_10' title="bbox 138 1192 1787 1317">
     <span class='ocr_line' id='line_1_17' title="bbox 249 1192 1787 1248; baseline -0.003 -13"><span class='ocrx_word' id='word_1_118' title='bbox 249 1195 344 1235; x_wconf 88' lang='grc'><strong>808.</strong></span> <span class='ocrx_word' id='word_1_119' title='bbox 408 1192 818 1248; x_wconf 78' lang='lat' dir='ltr'>0.Nepeca}1ffgg.</span> <span class='ocrx_word' id='word_1_120' title='bbox 852 1193 931 1233; x_wconf 81' lang='lat' dir='ltr'>Lk.</span> <span class='ocrx_word' id='word_1_121' title='bbox 954 1193 1097 1235; x_wconf 78' lang='lat' dir='ltr'>Benth.</span> <span class='ocrx_word' id='word_1_122' title='bbox 1128 1195 1151 1234; x_wconf 94' lang='grc' dir='ltr'>Ι.</span> <span class='ocrx_word' id='word_1_123' title='bbox 1171 1208 1203 1234; x_wconf 87' lang='lat' dir='ltr'>c.</span> <span class='ocrx_word' id='word_1_124' title='bbox 1223 1209 1261 1248; x_wconf 87' lang='lat' dir='ltr'>p.</span> <span class='ocrx_word' id='word_1_125' title='bbox 1294 1198 1387 1236; x_wconf 87' lang='grc'><strong>227.</strong></span> <span class='ocrx_word' id='word_1_126' title='bbox 1420 1219 1471 1226; x_wconf 87' lang='lat'>—-—</span> <span class='ocrx_word' id='word_1_127' title='bbox 1504 1195 1560 1234; x_wconf 85' lang='lat' dir='ltr'>Pl.</span> <span class='ocrx_word' id='word_1_128' title='bbox 1594 1208 1678 1234; x_wconf 82' lang='lat' dir='ltr'>exs.</span> <span class='ocrx_word' id='word_1_129' title='bbox 1697 1193 1787 1234; x_wconf 87' lang='lat' dir='ltr'>coll.</span> 
     </span>
     <span class='ocr_line' id='line_1_18' title="bbox 138 1260 1785 1317; baseline 0.001 -16"><span class='ocrx_word' id='word_1_130' title='bbox 138 1274 282 1301; x_wconf 87' lang='lat' dir='ltr'>ven.n.</span> <span class='ocrx_word' id='word_1_131' title='bbox 300 1263 381 1303; x_wconf 82' lang='lat'>576</span> <span class='ocrx_word' id='word_1_132' title='bbox 394 1273 428 1303; x_wconf 88' lang='lat' dir='ltr'>a.</span> <span class='ocrx_word' id='word_1_133' title='bbox 455 1260 641 1312; x_wconf 75' lang='lat' dir='ltr'>[Melissa</span> <span class='ocrx_word' id='word_1_134' title='bbox 662 1260 818 1315; x_wconf 88' lang='lat' dir='ltr'>Nepeta</span> <span class='ocrx_word' id='word_1_135' title='bbox 831 1260 891 1313; x_wconf 81' lang='lat' dir='ltr'>L.)</span> <span class='ocrx_word' id='word_1_136' title='bbox 917 1261 1071 1302; x_wconf 84' lang='lat' dir='ltr'>Jordan</span> <span class='ocrx_word' id='word_1_137' title='bbox 1094 1263 1186 1302; x_wconf 82' lang='lat' dir='ltr'>Obs.</span> <span class='ocrx_word' id='word_1_138' title='bbox 1205 1262 1367 1317; x_wconf 84' lang='lat' dir='ltr'>Fragm.</span> <span class='ocrx_word' id='word_1_139' title='bbox 1403 1263 1468 1301; x_wconf 87' lang='lat' dir='ltr'>lV.</span> <span class='ocrx_word' id='word_1_140' title='bbox 1502 1277 1537 1315; x_wconf 91' lang='lat' dir='ltr'>p.</span> <span class='ocrx_word' id='word_1_141' title='bbox 1566 1266 1626 1302; x_wconf 84' lang='grc'>12.</span> <span class='ocrx_word' id='word_1_142' title='bbox 1645 1266 1671 1301; x_wconf 90' lang='lat' dir='ltr'>t.</span> <span class='ocrx_word' id='word_1_143' title='bbox 1689 1261 1785 1303; x_wconf 75' lang='lat' dir='ltr'>9.A.</span> 
     </span>
    </p>

    <p class='ocr_par' dir='ltr' id='par_1_11' title="bbox 138 1327 1790 1436">
     <span class='ocr_line' id='line_1_19' title="bbox 253 1327 1790 1383; baseline -0.001 -15"><span class='ocrx_word' id='word_1_144' title='bbox 253 1328 297 1368; x_wconf 90' lang='lat' dir='ltr'>ln</span> <span class='ocrx_word' id='word_1_145' title='bbox 329 1328 437 1368; x_wconf 86' lang='lat' dir='ltr'>valle</span> <span class='ocrx_word' id='word_1_146' title='bbox 479 1327 589 1367; x_wconf 88' lang='lat' dir='ltr'>fluvii</span> <span class='ocrx_word' id='word_1_147' title='bbox 629 1327 745 1367; x_wconf 85' lang='lat' dir='ltr'>Jerte</span> <span class='ocrx_word' id='word_1_148' title='bbox 776 1342 902 1382; x_wconf 86' lang='lat' dir='ltr'>prope</span> <span class='ocrx_word' id='word_1_149' title='bbox 942 1329 1157 1369; x_wconf 83' lang='lat' dir='ltr'>Plasencia</span> <span class='ocrx_word' id='word_1_150' title='bbox 1196 1334 1318 1383; x_wconf 88' lang='lat' dir='ltr'>atque</span> <span class='ocrx_word' id='word_1_151' title='bbox 1363 1331 1401 1369; x_wconf 88' lang='lat' dir='ltr'>in</span> <span class='ocrx_word' id='word_1_152' title='bbox 1443 1329 1648 1369; x_wconf 82' lang='lat' dir='ltr'>montibus</span> <span class='ocrx_word' id='word_1_153' title='bbox 1687 1330 1790 1367; x_wconf 88' lang='lat' dir='ltr'>inter</span> 
     </span>
     <span class='ocr_line' id='line_1_20' title="bbox 138 1394 1459 1436; baseline -0.001 -1"><span class='ocrx_word' id='word_1_154' title='bbox 138 1395 354 1436; x_wconf 85' lang='lat' dir='ltr'>Plaseneia</span> <span class='ocrx_word' id='word_1_155' title='bbox 385 1400 426 1435; x_wconf 89' lang='lat' dir='ltr'>et</span> <span class='ocrx_word' id='word_1_156' title='bbox 456 1394 596 1434; x_wconf 86' lang='lat' dir='ltr'>Banos</span> <span class='ocrx_word' id='word_1_157' title='bbox 627 1396 666 1434; x_wconf 92' lang='lat' dir='ltr'>in</span> <span class='ocrx_word' id='word_1_158' title='bbox 697 1394 1003 1436; x_wconf 83' lang='lat' dir='ltr'>Extremadura.</span> <span class='ocrx_word' id='word_1_159' title='bbox 1038 1398 1120 1436; x_wconf 81' lang='lat' dir='ltr'>Oct.</span> <span class='ocrx_word' id='word_1_160' title='bbox 1154 1411 1186 1436; x_wconf 82' lang='lat' dir='ltr'>c.</span> <span class='ocrx_word' id='word_1_161' title='bbox 1217 1397 1304 1436; x_wconf 85' lang='lat' dir='ltr'>flor.</span> <span class='ocrx_word' id='word_1_162' title='bbox 1337 1402 1378 1436; x_wconf 88' lang='lat' dir='ltr'>et</span> <span class='ocrx_word' id='word_1_163' title='bbox 1412 1395 1459 1435; x_wconf 86' lang='lat' dir='ltr'>fr.</span> 
     </span>
    </p>

    <p class='ocr_par' dir='ltr' id='par_1_12' title="bbox 133 1461 1786 1584">
     <span class='ocr_line' id='line_1_21' title="bbox 250 1461 1786 1515; baseline -0.002 -11"><span class='ocrx_word' id='word_1_164' title='bbox 250 1465 344 1504; x_wconf 86' lang='grc'><strong>809.</strong></span> <span class='ocrx_word' id='word_1_165' title='bbox 408 1461 630 1502; x_wconf 72' lang='lat' dir='ltr'>0.Acz·nos</span> <span class='ocrx_word' id='word_1_166' title='bbox 660 1462 839 1502; x_wconf 84' lang='lat' dir='ltr'>Benth.</span> <span class='ocrx_word' id='word_1_167' title='bbox 874 1463 897 1503; x_wconf 93' lang='lat' dir='ltr'>l.</span> <span class='ocrx_word' id='word_1_168' title='bbox 930 1477 961 1502; x_wconf 85' lang='lat' dir='ltr'>c.</span> <span class='ocrx_word' id='word_1_169' title='bbox 997 1477 1031 1515; x_wconf 90' lang='lat' dir='ltr'>p.</span> <span class='ocrx_word' id='word_1_170' title='bbox 1062 1467 1152 1504; x_wconf 86' lang='grc'><strong>230.</strong></span> <span class='ocrx_word' id='word_1_171' title='bbox 1183 1477 1263 1503; x_wconf 88' lang='lat' dir='ltr'>var.</span> <span class='ocrx_word' id='word_1_172' title='bbox 1283 1462 1516 1512; x_wconf 75' lang='lat' dir='ltr'>acutifolia.</span> <span class='ocrx_word' id='word_1_173' title='bbox 1547 1461 1664 1502; x_wconf 87' lang='lat' dir='ltr'>Folia</span> <span class='ocrx_word' id='word_1_174' title='bbox 1695 1474 1786 1501; x_wconf 89' lang='lat' dir='ltr'>acu-</span> 
     </span>
     <span class='ocr_line' id='line_1_22' title="bbox 133 1528 1408 1584; baseline -0.001 -14"><span class='ocrx_word' id='word_1_175' title='bbox 133 1535 218 1570; x_wconf 88' lang='lat' dir='ltr'>tata</span> <span class='ocrx_word' id='word_1_176' title='bbox 249 1532 406 1583; x_wconf 87' lang='lat' dir='ltr'>apicem</span> <span class='ocrx_word' id='word_1_177' title='bbox 438 1543 584 1569; x_wconf 84' lang='lat' dir='ltr'>versus</span> <span class='ocrx_word' id='word_1_178' title='bbox 615 1528 916 1582; x_wconf 86' lang='lat' dir='ltr'>paucidentata.</span> <span class='ocrx_word' id='word_1_179' title='bbox 977 1530 1139 1569; x_wconf 77' lang='lat' dir='ltr'>Corolia</span> <span class='ocrx_word' id='word_1_180' title='bbox 1171 1531 1408 1584; x_wconf 81' lang='lat' dir='ltr'>majuscula.</span> 
     </span>
    </p>

    <p class='ocr_par' dir='ltr' id='par_1_13' title="bbox 132 1593 1786 1705">
     <span class='ocr_line' id='line_1_23' title="bbox 244 1593 1786 1652; baseline -0.001 -17"><span class='ocrx_word' id='word_1_181' title='bbox 244 1595 288 1636; x_wconf 90' lang='lat' dir='ltr'>ln</span> <span class='ocrx_word' id='word_1_182' title='bbox 320 1596 533 1649; x_wconf 82' lang='lat' dir='ltr'>Pyrenaeis</span> <span class='ocrx_word' id='word_1_183' title='bbox 567 1598 782 1651; x_wconf 80' lang='lat' dir='ltr'>Aragoniae</span> <span class='ocrx_word' id='word_1_184' title='bbox 814 1598 854 1636; x_wconf 93' lang='lat' dir='ltr'>in</span> <span class='ocrx_word' id='word_1_185' title='bbox 887 1597 990 1636; x_wconf 84' lang='lat' dir='ltr'>valle</span> <span class='ocrx_word' id='word_1_186' title='bbox 1024 1596 1137 1637; x_wconf 84' lang='lat' dir='ltr'>fluvii</span> <span class='ocrx_word' id='word_1_187' title='bbox 1171 1595 1344 1652; x_wconf 69' lang='lat' dir='ltr'>Gitllego</span> <span class='ocrx_word' id='word_1_188' title='bbox 1382 1609 1507 1651; x_wconf 86' lang='lat' dir='ltr'>prope</span> <span class='ocrx_word' id='word_1_189' title='bbox 1538 1596 1697 1636; x_wconf 87' lang='lat' dir='ltr'>Sallent</span> <span class='ocrx_word' id='word_1_190' title='bbox 1736 1593 1786 1634; x_wconf 86' lang='lat' dir='ltr'>ad</span> 
     </span>
     <span class='ocr_line' id='line_1_24' title="bbox 132 1663 717 1705; baseline -0.003 -1"><span class='ocrx_word' id='word_1_191' title='bbox 132 1665 200 1704; x_wconf 89' lang='lat' dir='ltr'>alt.</span> <span class='ocrx_word' id='word_1_192' title='bbox 232 1666 371 1705; x_wconf 84' lang='lat'><strong>3500‘.</strong></span> <span class='ocrx_word' id='word_1_193' title='bbox 406 1663 532 1704; x_wconf 90' lang='lat' dir='ltr'>Junio</span> <span class='ocrx_word' id='word_1_194' title='bbox 565 1676 598 1703; x_wconf 85' lang='lat' dir='ltr'>c.</span> <span class='ocrx_word' id='word_1_195' title='bbox 631 1663 717 1703; x_wconf 86' lang='lat' dir='ltr'>flor.</span> 
     </span>
    </p>

    <p class='ocr_par' dir='ltr' id='par_1_14' title="bbox 133 1730 1790 1917">
     <span class='ocr_line' id='line_1_25' title="bbox 245 1730 1787 1784; baseline -0.001 -12"><span class='ocrx_word' id='word_1_196' title='bbox 245 1734 339 1773; x_wconf 89' lang='grc'><strong>810.</strong></span> <span class='ocrx_word' id='word_1_197' title='bbox 402 1730 445 1771; x_wconf 80' lang='lat'>0.</span> <span class='ocrx_word' id='word_1_198' title='bbox 469 1734 609 1780; x_wconf 72' lang='lat' dir='ltr'>alpina</span> <span class='ocrx_word' id='word_1_199' title='bbox 643 1730 826 1770; x_wconf 88' lang='lat' dir='ltr'>Benth.</span> <span class='ocrx_word' id='word_1_200' title='bbox 860 1732 883 1770; x_wconf 91' lang='lat' dir='ltr'>l.</span> <span class='ocrx_word' id='word_1_201' title='bbox 905 1745 936 1771; x_wconf 84' lang='lat' dir='ltr'>c.</span> <span class='ocrx_word' id='word_1_202' title='bbox 974 1745 1009 1784; x_wconf 90' lang='lat' dir='ltr'>p.</span> <span class='ocrx_word' id='word_1_203' title='bbox 1036 1734 1128 1772; x_wconf 85' lang='grc'><strong>232.</strong></span> <span class='ocrx_word' id='word_1_204' title='bbox 1161 1754 1214 1762; x_wconf 93' lang='grc'>-</span> <span class='ocrx_word' id='word_1_205' title='bbox 1245 1731 1302 1771; x_wconf 91' lang='lat' dir='ltr'>Pl.</span> <span class='ocrx_word' id='word_1_206' title='bbox 1323 1743 1410 1770; x_wconf 82' lang='lat' dir='ltr'>exs.</span> <span class='ocrx_word' id='word_1_207' title='bbox 1442 1730 1533 1770; x_wconf 88' lang='lat' dir='ltr'>coll.</span> <span class='ocrx_word' id='word_1_208' title='bbox 1551 1743 1642 1770; x_wconf 91' lang='lat' dir='ltr'>ven.</span> <span class='ocrx_word' id='word_1_209' title='bbox 1667 1742 1706 1770; x_wconf 86' lang='lat' dir='ltr'>n.</span> <span class='ocrx_word' id='word_1_210' title='bbox 1734 1731 1787 1770; x_wconf 72' lang='lat'>59</span> 
     </span>
     <span class='ocr_line' id='line_1_26' title="bbox 136 1796 1790 1852; baseline -0.001 -15"><span class='ocrx_word' id='word_1_211' title='bbox 136 1798 210 1838; x_wconf 75' lang='lat' dir='ltr'>sub</span> <span class='ocrx_word' id='word_1_212' title='bbox 242 1799 406 1837; x_wconf 90' lang='lat' dir='ltr'>nomine</span> <span class='ocrx_word' id='word_1_213' title='bbox 449 1798 491 1837; x_wconf 85' lang='lat' dir='ltr'>C.</span> <span class='ocrx_word' id='word_1_214' title='bbox 525 1799 872 1852; x_wconf 84' lang='lat' dir='ltr'>purpurascentis.</span> <span class='ocrx_word' id='word_1_215' title='bbox 920 1797 1122 1851; x_wconf 85' lang='lat' dir='ltr'>(Thymus</span> <span class='ocrx_word' id='word_1_216' title='bbox 1161 1799 1324 1852; x_wconf 82' lang='lat' dir='ltr'>alpinus</span> <span class='ocrx_word' id='word_1_217' title='bbox 1354 1797 1398 1838; x_wconf 88' lang='lat' dir='ltr'>L.</span> <span class='ocrx_word' id='word_1_218' title='bbox 1440 1797 1613 1838; x_wconf 78' lang='lat' dir='ltr'>Melissa</span> <span class='ocrx_word' id='word_1_219' title='bbox 1652 1796 1790 1850; x_wconf 87' lang='lat' dir='ltr'>alpina</span> 
     </span>
     <span class='ocr_line' id='line_1_27' title="bbox 133 1864 424 1917; baseline -0.003 -12"><span class='ocrx_word' id='word_1_220' title='bbox 133 1864 277 1905; x_wconf 87' lang='lat' dir='ltr'>Benth.</span> <span class='ocrx_word' id='word_1_221' title='bbox 309 1865 424 1917; x_wconf 85' lang='lat' dir='ltr'>Lab.)</span> 
     </span>
    </p>

    <p class='ocr_par' dir='ltr' id='par_1_15' title="bbox 133 1929 1792 2322">
     <span class='ocr_line' id='line_1_28' title="bbox 247 1929 1792 1986; baseline -0.003 -13"><span class='ocrx_word' id='word_1_222' title='bbox 247 1931 432 1973; x_wconf 79' lang='lat' dir='ltr'>Abundat</span> <span class='ocrx_word' id='word_1_223' title='bbox 484 1932 525 1971; x_wconf 94' lang='lat' dir='ltr'>in</span> <span class='ocrx_word' id='word_1_224' title='bbox 571 1931 744 1971; x_wconf 90' lang='lat' dir='ltr'>collibus</span> <span class='ocrx_word' id='word_1_225' title='bbox 801 1931 999 1971; x_wconf 82' lang='lat' dir='ltr'>calcareis</span> <span class='ocrx_word' id='word_1_226' title='bbox 1043 1933 1290 1986; x_wconf 86' lang='lat' dir='ltr'>graminosis</span> <span class='ocrx_word' id='word_1_227' title='bbox 1348 1933 1497 1986; x_wconf 87' lang='lat' dir='ltr'>apricis</span> <span class='ocrx_word' id='word_1_228' title='bbox 1540 1943 1667 1986; x_wconf 90' lang='lat' dir='ltr'>prope</span> <span class='ocrx_word' id='word_1_229' title='bbox 1709 1929 1792 1969; x_wconf 91' lang='lat' dir='ltr'>Bil-</span> 
     </span>
     <span class='ocr_line' id='line_1_29' title="bbox 133 1998 1785 2054; baseline -0.002 -14"><span class='ocrx_word' id='word_1_230' title='bbox 133 2000 235 2050; x_wconf 85' lang='lat' dir='ltr'>bao,</span> <span class='ocrx_word' id='word_1_231' title='bbox 289 2001 495 2054; x_wconf 77' lang='lat' dir='ltr'>praecipue</span> <span class='ocrx_word' id='word_1_232' title='bbox 534 2000 651 2054; x_wconf 82' lang='lat' dir='ltr'>juxta</span> <span class='ocrx_word' id='word_1_233' title='bbox 681 2000 972 2039; x_wconf 82' lang='lat' dir='ltr'>monasterium</span> <span class='ocrx_word' id='word_1_234' title='bbox 1006 1998 1315 2052; x_wconf 77' lang='lat' dir='ltr'>Capuoinorum,</span> <span class='ocrx_word' id='word_1_235' title='bbox 1349 2001 1457 2039; x_wconf 88' lang='lat' dir='ltr'>eirca</span> <span class='ocrx_word' id='word_1_236' title='bbox 1489 1999 1785 2046; x_wconf 85' lang='lat' dir='ltr'>Somorrostro,</span> 
     </span>
     <span class='ocr_line' id='line_1_30' title="bbox 142 2063 1789 2120; baseline -0.002 -14"><span class='ocrx_word' id='word_1_237' title='bbox 142 2069 182 2106; x_wconf 90' lang='lat' dir='ltr'>in</span> <span class='ocrx_word' id='word_1_238' title='bbox 213 2068 339 2106; x_wconf 86' lang='lat' dir='ltr'>muris</span> <span class='ocrx_word' id='word_1_239' title='bbox 371 2079 498 2120; x_wconf 90' lang='lat' dir='ltr'>prope</span> <span class='ocrx_word' id='word_1_240' title='bbox 529 2064 780 2106; x_wconf 83' lang='lat' dir='ltr'>villafranca</span> <span class='ocrx_word' id='word_1_241' title='bbox 811 2071 852 2106; x_wconf 89' lang='lat' dir='ltr'>et</span> <span class='ocrx_word' id='word_1_242' title='bbox 882 2066 978 2105; x_wconf 89' lang='lat' dir='ltr'>alibi</span> <span class='ocrx_word' id='word_1_243' title='bbox 1011 2067 1050 2105; x_wconf 91' lang='lat' dir='ltr'>in</span> <span class='ocrx_word' id='word_1_244' title='bbox 1083 2065 1322 2114; x_wconf 78' lang='lat' dir='ltr'>Cantabria3</span> <span class='ocrx_word' id='word_1_245' title='bbox 1374 2068 1414 2105; x_wconf 93' lang='lat' dir='ltr'>in</span> <span class='ocrx_word' id='word_1_246' title='bbox 1445 2065 1552 2106; x_wconf 87' lang='lat' dir='ltr'>valle</span> <span class='ocrx_word' id='word_1_247' title='bbox 1583 2064 1693 2104; x_wconf 86' lang='lat' dir='ltr'>fluvii</span> <span class='ocrx_word' id='word_1_248' title='bbox 1724 2063 1789 2102; x_wconf 91' lang='lat' dir='ltr'>Bi-</span> 
     </span>
     <span class='ocr_line' id='line_1_31' title="bbox 136 2131 1786 2188; baseline -0.002 -15"><span class='ocrx_word' id='word_1_249' title='bbox 136 2133 310 2183; x_wconf 63' lang='lat' dir='ltr'>damoa,</span> <span class='ocrx_word' id='word_1_250' title='bbox 341 2135 380 2172; x_wconf 88' lang='lat' dir='ltr'>in</span> <span class='ocrx_word' id='word_1_251' title='bbox 413 2132 520 2172; x_wconf 79' lang='lat' dir='ltr'>valle</span> <span class='ocrx_word' id='word_1_252' title='bbox 551 2133 718 2182; x_wconf 84' lang='lat' dir='ltr'>Barton,</span> <span class='ocrx_word' id='word_1_253' title='bbox 751 2134 791 2172; x_wconf 90' lang='lat' dir='ltr'>in</span> <span class='ocrx_word' id='word_1_254' title='bbox 823 2131 995 2172; x_wconf 84' lang='lat' dir='ltr'>collibus</span> <span class='ocrx_word' id='word_1_255' title='bbox 1025 2132 1073 2172; x_wconf 85' lang='lat' dir='ltr'>ad</span> <span class='ocrx_word' id='word_1_256' title='bbox 1106 2132 1270 2173; x_wconf 85' lang='lat' dir='ltr'>fluvium</span> <span class='ocrx_word' id='word_1_257' title='bbox 1303 2134 1423 2188; x_wconf 82' lang='lat' dir='ltr'>Arga,</span> <span class='ocrx_word' id='word_1_258' title='bbox 1454 2133 1494 2172; x_wconf 90' lang='lat' dir='ltr'>in</span> <span class='ocrx_word' id='word_1_259' title='bbox 1526 2132 1699 2171; x_wconf 80' lang='lat' dir='ltr'>collibus</span> <span class='ocrx_word' id='word_1_260' title='bbox 1729 2131 1786 2170; x_wconf 90' lang='lat' dir='ltr'>in-</span> 
     </span>
     <span class='ocr_line' id='line_1_32' title="bbox 134 2198 1788 2254; baseline -0.003 -13"><span class='ocrx_word' id='word_1_261' title='bbox 134 2205 196 2241; x_wconf 86' lang='lat' dir='ltr'>ter</span> <span class='ocrx_word' id='word_1_262' title='bbox 226 2200 410 2241; x_wconf 84' lang='lat' dir='ltr'>Monreal</span> <span class='ocrx_word' id='word_1_263' title='bbox 440 2203 481 2240; x_wconf 87' lang='lat' dir='ltr'>et</span> <span class='ocrx_word' id='word_1_264' title='bbox 511 2198 676 2239; x_wconf 86' lang='lat' dir='ltr'>fluvium</span> <span class='ocrx_word' id='word_1_265' title='bbox 708 2198 804 2238; x_wconf 88' lang='lat' dir='ltr'>lrati</span> <span class='ocrx_word' id='word_1_266' title='bbox 837 2201 877 2238; x_wconf 88' lang='lat' dir='ltr'>in</span> <span class='ocrx_word' id='word_1_267' title='bbox 906 2199 1104 2248; x_wconf 82' lang='lat' dir='ltr'>Navarra3</span> <span class='ocrx_word' id='word_1_268' title='bbox 1138 2201 1178 2239; x_wconf 94' lang='lat' dir='ltr'>in</span> <span class='ocrx_word' id='word_1_269' title='bbox 1209 2201 1315 2240; x_wconf 91' lang='lat' dir='ltr'>valle</span> <span class='ocrx_word' id='word_1_270' title='bbox 1347 2200 1457 2240; x_wconf 88' lang='lat' dir='ltr'>fluvii</span> <span class='ocrx_word' id='word_1_271' title='bbox 1480 2200 1640 2254; x_wconf 78' lang='lat' dir='ltr'>Aragon</span> <span class='ocrx_word' id='word_1_272' title='bbox 1667 2202 1788 2251; x_wconf 86' lang='lat' dir='ltr'>atque</span> 
     </span>
     <span class='ocr_line' id='line_1_33' title="bbox 137 2265 1206 2322; baseline -0.001 -13"><span class='ocrx_word' id='word_1_273' title='bbox 137 2271 176 2308; x_wconf 93' lang='lat' dir='ltr'>in</span> <span class='ocrx_word' id='word_1_274' title='bbox 208 2269 421 2322; x_wconf 72' lang='lat' dir='ltr'>Pyrenaeis</span> <span class='ocrx_word' id='word_1_275' title='bbox 451 2268 683 2322; x_wconf 81' lang='lat' dir='ltr'>Aragoniae.</span> <span class='ocrx_word' id='word_1_276' title='bbox 743 2265 868 2320; x_wconf 78' lang='lat' dir='ltr'>majo,</span> <span class='ocrx_word' id='word_1_277' title='bbox 901 2266 1024 2306; x_wconf 88' lang='lat' dir='ltr'>Junio</span> <span class='ocrx_word' id='word_1_278' title='bbox 1057 2280 1088 2305; x_wconf 89' lang='lat' dir='ltr'>c.</span> <span class='ocrx_word' id='word_1_279' title='bbox 1122 2266 1206 2308; x_wconf 86' lang='lat' dir='ltr'>ssor.</span> 
     </span>
    </p>

    <p class='ocr_par' dir='ltr' id='par_1_16' title="bbox 136 2330 1790 2921">
     <span class='ocr_line' id='line_1_34' title="bbox 246 2330 1787 2388; baseline -0.003 -13"><span class='ocrx_word' id='word_1_280' title='bbox 246 2336 339 2375; x_wconf 73' lang='lat' dir='ltr'>Oba.</span> <span class='ocrx_word' id='word_1_281' title='bbox 399 2335 539 2374; x_wconf 89' lang='lat' dir='ltr'>Variat</span> <span class='ocrx_word' id='word_1_282' title='bbox 570 2347 640 2388; x_wconf 90' lang='lat' dir='ltr'>pro</span> <span class='ocrx_word' id='word_1_283' title='bbox 682 2333 759 2372; x_wconf 79' lang='lat' dir='ltr'>loci</span> <span class='ocrx_word' id='word_1_284' title='bbox 800 2338 946 2372; x_wconf 87' lang='lat' dir='ltr'>natura</span> <span class='ocrx_word' id='word_1_285' title='bbox 979 2332 1089 2372; x_wconf 81' lang='lat' dir='ltr'>foliis</span> <span class='ocrx_word' id='word_1_286' title='bbox 1119 2333 1425 2387; x_wconf 83' lang='lat' dir='ltr'>angustioribus</span> <span class='ocrx_word' id='word_1_287' title='bbox 1457 2333 1520 2372; x_wconf 80' lang='lat' dir='ltr'>vel</span> <span class='ocrx_word' id='word_1_288' title='bbox 1562 2330 1787 2379; x_wconf 84' lang='lat' dir='ltr'>latioribus,</span> 
     </span>
     <span class='ocr_line' id='line_1_35' title="bbox 136 2397 1789 2455; baseline -0.003 -13"><span class='ocrx_word' id='word_1_289' title='bbox 136 2400 382 2442; x_wconf 73' lang='lat' dir='ltr'>subserratis</span> <span class='ocrx_word' id='word_1_290' title='bbox 413 2401 476 2441; x_wconf 90' lang='lat' dir='ltr'>vel</span> <span class='ocrx_word' id='word_1_291' title='bbox 510 2401 707 2455; x_wconf 60' lang='lat' dir='ltr'>integrise</span> <span class='ocrx_word' id='word_1_292' title='bbox 755 2397 923 2439; x_wconf 84' lang='lat' dir='ltr'>floribus</span> <span class='ocrx_word' id='word_1_293' title='bbox 953 2399 1176 2454; x_wconf 80' lang='lat' dir='ltr'>majoribus</span> <span class='ocrx_word' id='word_1_294' title='bbox 1208 2400 1271 2439; x_wconf 89' lang='lat' dir='ltr'>vel</span> <span class='ocrx_word' id='word_1_295' title='bbox 1302 2400 1550 2448; x_wconf 80' lang='lat' dir='ltr'>minoribus,</span> <span class='ocrx_word' id='word_1_296' title='bbox 1587 2398 1789 2444; x_wconf 76' lang='lat' dir='ltr'>caulibus,</span> 
     </span>
     <span class='ocr_line' id='line_1_36' title="bbox 138 2465 1787 2525; baseline -0.005 -15"><span class='ocrx_word' id='word_1_297' title='bbox 138 2471 427 2523; x_wconf 87' lang='lat' dir='ltr'>calycibusque</span> <span class='ocrx_word' id='word_1_298' title='bbox 460 2467 654 2508; x_wconf 81' lang='lat' dir='ltr'>viridibus</span> <span class='ocrx_word' id='word_1_299' title='bbox 689 2466 752 2505; x_wconf 86' lang='lat' dir='ltr'>vel</span> <span class='ocrx_word' id='word_1_300' title='bbox 784 2465 1196 2520; x_wconf 81' lang='lat' dir='ltr'>purpurascentibus;</span> <span class='ocrx_word' id='word_1_301' title='bbox 1238 2466 1310 2506; x_wconf 81' lang='lat' dir='ltr'>sed</span> <span class='ocrx_word' id='word_1_302' title='bbox 1355 2466 1494 2506; x_wconf 82' lang='lat' dir='ltr'>caules</span> <span class='ocrx_word' id='word_1_303' title='bbox 1525 2477 1688 2525; x_wconf 65' lang='lat' dir='ltr'>semper</span> <span class='ocrx_word' id='word_1_304' title='bbox 1717 2477 1787 2517; x_wconf 88' lang='lat' dir='ltr'>pu-</span> 
     </span>
     <span class='ocr_line' id='line_1_37' title="bbox 142 2529 1790 2586; baseline -0.004 -11"><span class='ocrx_word' id='word_1_305' title='bbox 142 2536 359 2577; x_wconf 80' lang='lat' dir='ltr'>hescentes</span> <span class='ocrx_word' id='word_1_306' title='bbox 404 2536 467 2575; x_wconf 87' lang='lat' dir='ltr'>vel</span> <span class='ocrx_word' id='word_1_307' title='bbox 500 2535 658 2582; x_wconf 75' lang='lat' dir='ltr'>villosi,</span> <span class='ocrx_word' id='word_1_308' title='bbox 702 2534 815 2583; x_wconf 85' lang='lat' dir='ltr'>solia,</span> <span class='ocrx_word' id='word_1_309' title='bbox 857 2535 978 2572; x_wconf 81' lang='lat' dir='ltr'>etiam</span> <span class='ocrx_word' id='word_1_310' title='bbox 1022 2532 1199 2581; x_wconf 76' lang='lat' dir='ltr'>floralia,</span> <span class='ocrx_word' id='word_1_311' title='bbox 1233 2546 1394 2586; x_wconf 86' lang='lat' dir='ltr'>semper</span> <span class='ocrx_word' id='word_1_312' title='bbox 1436 2532 1592 2576; x_wconf 78' lang='lat' dir='ltr'>viridia,</span> <span class='ocrx_word' id='word_1_313' title='bbox 1637 2529 1790 2570; x_wconf 81' lang='lat' dir='ltr'>corolla</span> 
     </span>
     <span class='ocr_line' id='line_1_38' title="bbox 139 2599 1789 2656; baseline -0.006 -12"><span class='ocrx_word' id='word_1_314' title='bbox 139 2616 302 2656; x_wconf 64' lang='lat' dir='ltr'>semper</span> <span class='ocrx_word' id='word_1_315' title='bbox 332 2604 471 2655; x_wconf 77' lang='lat' dir='ltr'>calyce</span> <span class='ocrx_word' id='word_1_316' title='bbox 490 2603 581 2655; x_wconf 81' lang='lat' dir='ltr'>plus</span> <span class='ocrx_word' id='word_1_317' title='bbox 599 2600 719 2653; x_wconf 87' lang='lat' dir='ltr'>duplo</span> <span class='ocrx_word' id='word_1_318' title='bbox 739 2601 910 2656; x_wconf 65' lang='lat' dir='ltr'>longior,</span> <span class='ocrx_word' id='word_1_319' title='bbox 943 2613 1166 2653; x_wconf 82' lang='lat' dir='ltr'>purpureo·</span> <span class='ocrx_word' id='word_1_320' title='bbox 1182 2600 1371 2638; x_wconf 78' lang='lat' dir='ltr'>coerulea.</span> <span class='ocrx_word' id='word_1_321' title='bbox 1415 2599 1457 2637; x_wconf 66' lang='grc' dir='ltr'><strong>(Ι.</strong></span> <span class='ocrx_word' id='word_1_322' title='bbox 1475 2607 1789 2648; x_wconf 74' lang='lat' dir='ltr'>purpurascens</span> 
     </span>
     <span class='ocr_line' id='line_1_39' title="bbox 137 2662 1788 2723; baseline -0.006 -14"><span class='ocrx_word' id='word_1_323' title='bbox 137 2669 332 2719; x_wconf 62' lang='lat' dir='ltr'>Benth„</span> <span class='ocrx_word' id='word_1_324' title='bbox 376 2684 465 2723; x_wconf 72' lang='lat' dir='ltr'>qum</span> <span class='ocrx_word' id='word_1_325' title='bbox 508 2683 555 2709; x_wconf 81' lang='lat' dir='ltr'>ex</span> <span class='ocrx_word' id='word_1_326' title='bbox 601 2669 807 2707; x_wconf 82' lang='lat' dir='ltr'>sententia</span> <span class='ocrx_word' id='word_1_327' title='bbox 846 2667 892 2706; x_wconf 84' lang='lat' dir='ltr'>cl.</span> <span class='ocrx_word' id='word_1_328' title='bbox 936 2665 1235 2705; x_wconf 82' lang='lat' dir='ltr'>Bentbamii</span> <span class='ocrx_word' id='word_1_329' title='bbox 1281 2665 1566 2705; x_wconf 78' lang='lat' dir='ltr'>verosimiliter</span> <span class='ocrx_word' id='word_1_330' title='bbox 1609 2663 1665 2703; x_wconf 88' lang='lat' dir='ltr'>nil</span> <span class='ocrx_word' id='word_1_331' title='bbox 1709 2662 1788 2701; x_wconf 78' lang='lat' dir='ltr'>nial</span> 
     </span>
     <span class='ocr_line' id='line_1_40' title="bbox 140 2727 1782 2786; baseline -0.005 -10"><span class='ocrx_word' id='word_1_332' title='bbox 140 2739 182 2778; x_wconf 78' lang='lat' dir='ltr'>C.</span> <span class='ocrx_word' id='word_1_333' title='bbox 197 2740 366 2786; x_wconf 77' lang='lat' dir='ltr'>alpinae</span> <span class='ocrx_word' id='word_1_334' title='bbox 397 2737 588 2783; x_wconf 60' lang='lat' dir='ltr'>varietati,</span> <span class='ocrx_word' id='word_1_335' title='bbox 622 2733 842 2774; x_wconf 76' lang='lat' dir='ltr'>secundum</span> <span class='ocrx_word' id='word_1_336' title='bbox 876 2733 924 2771; x_wconf 91' lang='lat' dir='ltr'>cl.</span> <span class='ocrx_word' id='word_1_337' title='bbox 961 2732 1239 2772; x_wconf 81' lang='lat' dir='ltr'>Boissieru</span> <span class='ocrx_word' id='word_1_338' title='bbox 1257 2746 1290 2771; x_wconf 91' lang='lat' dir='ltr'>m</span> <span class='ocrx_word' id='word_1_339' title='bbox 1335 2734 1452 2785; x_wconf 77' lang='lat' dir='ltr'>[Voy.</span> <span class='ocrx_word' id='word_1_340' title='bbox 1485 2732 1564 2770; x_wconf 87' lang='lat' dir='ltr'>bot.</span> <span class='ocrx_word' id='word_1_341' title='bbox 1597 2730 1692 2783; x_wconf 81' lang='lat' dir='ltr'>Esp.</span> <span class='ocrx_word' id='word_1_342' title='bbox 1722 2727 1782 2768; x_wconf 86' lang='lat' dir='ltr'>Fl.</span> 
     </span>
     <span class='ocr_line' id='line_1_41' title="bbox 138 2796 1785 2857; baseline -0.007 -12"><span class='ocrx_word' id='word_1_343' title='bbox 138 2819 172 2857; x_wconf 85' lang='lat' dir='ltr'>p.</span> <span class='ocrx_word' id='word_1_344' title='bbox 206 2805 318 2853; x_wconf 75' lang='lat'><strong>⁴97.)</strong></span> <span class='ocrx_word' id='word_1_345' title='bbox 347 2802 396 2843; x_wconf 83' lang='lat' dir='ltr'>ad</span> <span class='ocrx_word' id='word_1_346' title='bbox 430 2802 474 2840; x_wconf 77' lang='lat' dir='ltr'>C.</span> <span class='ocrx_word' id='word_1_347' title='bbox 504 2804 807 2855; x_wconf 69' lang='lat' dir='ltr'>gyraveolentem</span> <span class='ocrx_word' id='word_1_348' title='bbox 837 2799 1018 2839; x_wconf 73' lang='lat' dir='ltr'>ducenda</span> <span class='ocrx_word' id='word_1_349' title='bbox 1051 2804 1133 2848; x_wconf 83' lang='lat' dir='ltr'>est,</span> <span class='ocrx_word' id='word_1_350' title='bbox 1179 2798 1312 2838; x_wconf 78' lang='lat' dir='ltr'>differt</span> <span class='ocrx_word' id='word_1_351' title='bbox 1344 2798 1453 2838; x_wconf 84' lang='lat' dir='ltr'>foliis</span> <span class='ocrx_word' id='word_1_352' title='bbox 1484 2796 1692 2836; x_wconf 80' lang='lat' dir='ltr'>floralibus</span> <span class='ocrx_word' id='word_1_353' title='bbox 1721 2808 1785 2834; x_wconf 77' lang='lat' dir='ltr'>oo·</span> 
     </span>
     <span class='ocr_line' id='line_1_42' title="bbox 138 2863 1784 2921; baseline -0.005 -13"><span class='ocrx_word' id='word_1_354' title='bbox 138 2871 278 2909; x_wconf 75' lang='lat' dir='ltr'>loratis</span> <span class='ocrx_word' id='word_1_355' title='bbox 307 2870 468 2921; x_wconf 74' lang='lat' dir='ltr'>(saltem</span> <span class='ocrx_word' id='word_1_356' title='bbox 500 2869 547 2908; x_wconf 88' lang='lat' dir='ltr'>ad</span> <span class='ocrx_word' id='word_1_357' title='bbox 580 2881 706 2908; x_wconf 78' lang='lat' dir='ltr'>venas</span> <span class='ocrx_word' id='word_1_358' title='bbox 740 2867 860 2908; x_wconf 86' lang='lat' dir='ltr'>rubro</span> <span class='ocrx_word' id='word_1_359' title='bbox 882 2867 1092 2917; x_wconf 74' lang='lat' dir='ltr'>violaceis)</span> <span class='ocrx_word' id='word_1_360' title='bbox 1130 2870 1168 2904; x_wconf 82' lang='lat' dir='ltr'>et</span> <span class='ocrx_word' id='word_1_361' title='bbox 1207 2866 1356 2904; x_wconf 84' lang='lat' dir='ltr'>corolla</span> <span class='ocrx_word' id='word_1_362' title='bbox 1400 2878 1422 2904; x_wconf 86' lang='lat' dir='ltr'>e</span> <span class='ocrx_word' id='word_1_363' title='bbox 1453 2864 1593 2916; x_wconf 81' lang='lat' dir='ltr'>calyce</span> <span class='ocrx_word' id='word_1_364' title='bbox 1622 2863 1686 2901; x_wconf 77' lang='lat' dir='ltr'>vix</span> <span class='ocrx_word' id='word_1_365' title='bbox 1717 2874 1784 2901; x_wconf 80' lang='lat' dir='ltr'>ex·</span> 
     </span>
    </p>
   </div>
  </div>
 </body>
</html>
