1867 3215
1587 47 1682 99 135

767 173 949 216 Suaeda.

147 246 242 288 887.
301 243 347 286 S.
376 243 587 295 fruticosa
615 240 795 286 Forsk.
824 241 984 295 Mocqu.
1014 240 1041 281 1.
1070 253 1104 281 c.
1122 253 1161 295 p.
1183 243 1273 283 156.
1307 235 1450 280 -0-‘P1.
1483 251 1569 280 exs.
1587 240 1680 279 coll.

39 311 128 352 v'en.
160 325 200 352 n.
231 313 325 353 437.
1443 361 1444 366 Ἰ

149 378 197 418 In
227 375 403 418 humidis
432 375 556 417 salsis
585 375 691 415 inter
718 375 877 430 Alagon
908 378 948 415 et
970 374 1094 430 BorJa
1124 377 1171 424 et,
1196 373 1297 416 alibi
1327 374 1368 414 in
1393 373 1599 428 Aragonia
1626 373 1684 412 in-

42 444 191 485 feriore
221 445 403 499 copiose.
461 442 574 484 Julio
604 443 671 483 vix
700 441 867 482 florens.

703 508 1012 559 Chenopodina.

149 579 246 619 888.
306 576 378 621 Ch,
395 577 604 617 maritima
632 575 829 631 Mooqu.
858 577 885 616 l.
917 590 949 616 e.
981 589 1019 630 p.
1053 577 1144 616 161.
1177 597 1228 603 —
1258 573 1318 615 ΡΙ.
1350 587 1436 615 exs.
1471 573 1561 614 coll.
1592 585 1682 615 ven.

41 657 79 686 n.
110 647 204 686 503.

148 711 194 751 In
224 710 430 752 sabulosis
458 710 732 766 salsuginosis
762 708 1073 751 humidiusculis
1102 708 1208 748 inter
1236 706 1391 749 Huerta
1420 706 1470 748 de
1490 707 1686 748 valencia

37 781 80 818 et
108 778 240 820 laeum
270 777 464 820 Albufera
493 779 673 833 copiose.
705 778 807 832 Aug.
836 791 869 817 o.
901 776 986 818 flor.

769 842 952 884 Salsola.

149 914 245 954 889.
306 910 351 952 S.
383 914 653 953 vermiculata
683 910 727 952 L.
773 920 813 951 α.
840 911 1071 963 flavescens
1111 907 1307 961 Mocqu.
1358 907 1383 947 1.
1429 921 1462 951 c.
1504 921 1542 961 p.
1591 910 1683 952 181.

40 979 104 1030 (S.
134 978 366 1027 flavescens*
394 978 515 1028 θεν.)

153 1045 200 1086 In
230 1046 501 1099 rupestribus,
531 1044 748 1096 ruderatis,
780 1043 830 1086 ad
859 1044 1040 1100 parietes
1069 1054 1197 1098 prope
1227 1041 1440 1093 Toletum,
1470 1036 1687 1084 Madrituni

39 1115 115 1153 etc.
149 1114 234 1153 Oct.
265 1126 299 1152 c.
330 1112 379 1153 fr.

151 1174 188 1220 ὃ.
219 1180 487 1231 microphylla
516 1178 712 1233 Mocqu.
744 1178 772 1219 Ι.
801 1191 834 1220 o.
862 1177 924 1232 (S.
955 1175 1223 1232 micropbylla
1254 1176 1368 1224 θεν.)
1398 1177 1457 1217 Pl.
1482 1190 1566 1216 exs.
1595 1175 1687 1217 coll.

40 1259 130 1287 ven.
163 1260 202 1286 n.
234 1249 326 1289 436.

151 1314 197 1354 ln
237 1314 443 1369 argillosis
482 1311 775 1367 sterilibusque
813 1312 1089 1368 salsuginosis
1129 1313 1235 1352 inter
1273 1312 1429 1367 Alagon
1470 1316 1511 1351 et
1551 1311 1689 1365 BorJa,

42 1380 253 1436 Zaragoza
282 1385 324 1421 et
351 1381 464 1422 Muel
494 1385 571 1421 etc.
601 1381 642 1420 in
672 1382 877 1435 Aragonia
917 1379 1123 1421 inferiore.
1180 1378 1294 1420 Julio
1334 1393 1365 1420 c.
1412 1378 1497 1418 flor.
1557 1377 1689 1418 Abun-

40 1447 110 1488 dat
139 1448 181 1489 in
210 1448 485 1503 salsuginosis
516 1447 722 1489 Castellae
751 1459 895 1490 novae.
1597 1446 1603 1451 ’

677 1511 813 1567 Poly
824 1525 1038 1567 qoneae.

766 1578 950 1622 Rumeoe.

151 1649 246 1690 890.
306 1644 358 1688 R.
389 1651 583 1688 scutatus
609 1645 653 1687 L.
685 1672 737 1680 --
767 1647 828 1690 Pl.
857 1660 942 1688 exs.
976 1646 1068 1687 coll.
1099 1659 1190 1690 ven.
1219 1659 1260 1687 n.
1291 1649 1385 1689 344.

148 1712 197 1755 In
226 1714 440 1767 Pyrenaeis
469 1714 687 1769 Aragoniae
716 1715 758 1754 in
788 1714 995 1770 glareosis
1035 1713 1219 1769 regionis
1257 1713 1486 1767 subalpinae
1529 1711 1580 1752 ad
1618 1712 1687 1752 alt.

43 1783 174 1824 4ooo‘
204 1782 308 1830 satis
336 1779 545 1835 frequens,
574 1795 611 1822 v.
643 1795 677 1823 c.
709 1783 751 1822 in
783 1782 890 1822 valle
919 1781 970 1822 de
1001 1779 1225 1830 (lanfranc,
1255 1779 1307 1820 ad
1335 1780 1464 1818 rivum
1495 1777 1689 1818 Calderas

45 1847 151 1894 infra
179 1847 328 1889 balnea
355 1847 587 1889 Panticosa.
646 1848 771 1890 Junio
802 1861 836 1888 o.
867 1847 954 1888 flor.
986 1846 1033 1887 In
1062 1847 1264 1889 ruderatis
1303 1858 1429 1900 prope
1458 1845 1618 1885 Daroea
1647 1849 1689 1885 et

40 1915 141 1956 alibi
179 1915 221 1954 in
251 1915 458 1970 Aragonia
497 1913 713 1966 inferiore,
753 1927 880 1968 prope
907 1913 1072 1955 Cuenca
1112 1914 1155 1954 in
1195 1912 1377 1954 Castella
1413 1924 1542 1961 nova,
1582 1913 1691 1952 cirea

40 1982 259 2024 Plasencia
287 1982 328 2021 in
358 1980 662 2034 Extremaflura.
722 1982 824 2037 Aug.
856 2004 910 2013 —-
940 1981 1026 2023 Oct.
1058 1993 1092 2023 c.
1122 1979 1169 2023 fr.

150 2047 261 2091 8915
304 2046 360 2088 R.
391 2046 571 2099 Acetosa
599 2048 643 2089 L.

151 2114 199 2155 ln
229 2117 360 2169 pratis
390 2128 518 2169 prope
548 2115 660 2157 Yrun
691 2119 733 2155 et
760 2114 858 2155 alibi
890 2115 932 2155 in
963 2112 1203 2164 Cantabria,
1246 2111 1429 2153 Navarra
1457 2110 1612 2152 boreali
1649 2113 1691 2152 et

40 2182 245 2237 Aragonia
274 2182 502 2235 superiore.
559 2181 670 2238 Majo
702 2195 735 2222 c.
765 2180 854 2222 flor.

152 2251 248 2291 892.
307 2245 362 2291 R.
393 2247 624 2289 Acetosella
663 2247 707 2292 L.
744 2260 834 2288 var.
874 2245 1163 2301 anqustifolia.
1204 2245 1271 2298 (R,
1311 2245 1557 2301 pyrenaieus
1591 2242 1690 2299 Lap.

38 2315 198 2362 Pourr.)

152 2382 201 2422 In
230 2381 448 2434 Pyrenaeis
480 2381 698 2438 Aragoniee
728 2383 769 2423 in
798 2381 1005 2437 glareosis
1032 2378 1246 2436 graniticis
1270 2390 1398 2433 prope
1423 2377 1571 2420 balnea
1586 2377 1689 2431 Pau,-

43 2451 185 2490 ticosa.
215 2447 314 2489 Jun.
346 2460 379 2490 c.
407 2445 494 2490 flor.

152 2515 248 2557 893.
308 2512 361 2553 R.
393 2511 688 2563 suffraticosus
719 2514 823 2567 Gay.
856 2514 898 2554 in
927 2513 1026 2555 Dur.
1058 2512 1114 2568 pl.
1136 2512 1272 2554 Astur.
1304 2529 1358 2539 -
1385 2509 1447 2552 ΡΙ.
1479 2521 1564 2549 exs.
1595 2506 1690 2549 coll.

42 2594 135 2624 ven.
165 2580 241 2622 sel.
273 2592 313 2620 n.
343 2582 442 2622 760.
1672 2581 1678 2584 '

153 2648 293 2687 Sierra
335 2645 386 2686 de
415 2645 694 2688 Guadarrama
720 2647 763 2687 in
793 2645 982 2687 arenosis
1012 2646 1227 2701 granitiois
1255 2645 1344 2686 loco
1373 2643 1523 2693 Puerto
1559 2639 1612 2684 de
1648 2639 1690 2681 la

41 2713 237 2756 Fueufria
265 2712 316 2754 ad
345 2712 421 2761 alt„
447 2716 588 2755 5500‘.
619 2715 734 2767 Sept.
766 2727 800 2756 o.
829 2711 878 2753 fr.

154 2780 250 2820 Oba.
314 2777 523 2833 Suffrutex
560 2779 763 2834 bipedalis
800 2779 1069 2834 oaespitpsus‚
1107 2779 1239 2832 ramis
1271 2775 1470 2830 interdum
1513 2773 1683 2830 digitum

42 2847 240 2895 minorem
269 2845 421 2890 crassis
450 2844 569 2898 valde
602 2845 792 2903 lignosis.

1361 2996 1385 3020 t
