1867 3215
1672 52 1706 95 9

164 183 231 221 62.
277 179 338 220 ἢ8.
370 179 532 231 Sophia
565 177 612 219 L.
644 177 773 219 Rchb.
807 176 858 218 Ic.
891 178 917 217 l.
950 190 982 217 c.
1015 175 1042 215 f.
1080 179 1202 217 4405.

170 245 217 287 In
248 247 449 287 ruder-atis
480 259 606 300 prope
636 245 870 299 Zaragoza,
909 245 1070 285 Daroca
1103 248 1143 284 et
1173 241 1272 283 alibi
1303 241 1343 282 iu
1374 241 1579 295 Aragonia
1610 240 1712 282 infe-

8 328 13 341 *
62 314 181 356 tiore.
213 314 296 354 Jul.
331 327 364 357 c.
394 313 437 356 fl.
464 317 505 352 et
535 311 583 352 fr.

172 383 238 421 63.
299 380 345 421 S.
378 380 557 421 Alliaria
589 369 723 431 Sesop
768 377 882 417 Koch
908 379 1010 431 Syn.
1042 377 1106 420 ed.
1134 377 1186 417 ΙΙ.
1219 391 1257 431 p.
1291 380 1355 418 56.
1388 376 1574 423 (Alliaria
1603 374 1710 420 offic.

64 445 110 488 R.
144 446 211 486 Br.
243 446 369 487 Rchb.
402 446 456 487 Ic.
488 447 548 486 Fl.
579 459 706 502 germ.
738 444 790 484 ΙΙ.
823 444 857 487 Ε..
881 447 1024 494 4379.)

172 513 218 554 ln
258 514 479 568 pinguibus
517 512 721 555 umbrosis
752 513 902 552 montis
933 512 1044 552 Pena
1073 512 1264 567 Gorveya
1293 515 1335 553 et
1365 511 1463 552 alibi
1494 513 1535 552 in
1568 512 1713 554 Canta-

63 582 162 625 bria.
221 581 331 637 Majo
362 596 395 624 c.
426 580 473 621 fr.

372 701 374 704 .
770 647 1020 698 Erysimum

173 719 239 758 64.
300 716 353 756 Ε.
386 713 783 756 ochroleuoumDC.
815 712 927 753 Koch
959 713 1059 766 Syn.
1093 712 1154 753 ed.
1185 712 1237 754 Π.
1269 727 1308 768 p.
1340 716 1408 755 61.
1440 713 1567 756 Rchb.
1599 713 1654 756 Ic.
1684 714 1710 755 l.

65 797 99 827 c.
132 783 157 823 f.
192 787 311 825 4396.

176 851 220 891 ln
260 849 422 890 fissuris
461 850 621 904 rupium
660 849 946 903 glareosisque
988 848 1184 887 montium
1225 846 1441 888 editiorum
1482 847 1714 889 Cantabriae

67 923 188 972 atque
227 920 269 958 in
309 919 478 972 regione
518 916 735 969 subalpina
764 915 1057 968 Pyrenoeorum
1089 915 1328 969 Aragoniae:
1369 915 1482 956 Pena
1513 915 1717 968 Gorveya,

68 986 218 1026 Puerta
246 986 297 1025 de
329 983 545 1033 (lanfranc,
576 983 694 1023 Valle
725 982 774 1022 ‹le
808 982 911 1029 lzas,
943 983 1167 1023 3—5000¹.
1199 981 1323 1037 Majo,
1353 982 1450 1022 Jun.
1483 996 1516 1022 c.
1550 982 1587 1023 fl.

179 1051 269 1093 ocs.
330 1052 471 1092 Variat
508 1064 579 1105 pro
620 1051 811 1090 stationis
852 1054 995 1090 natura
1036 1050 1221 1089 caulibus
1261 1049 1551 1090 strictiusculis
1583 1048 1720 1089 etde-

67 1120 363 1167 cumbentibus,
395 1118 507 1158 foliis
535 1118 747 1158 latioribus
769 1117 1144 1172 angustioribusve‚
1177 1116 1313 1170 planis
1343 1118 1408 1157 vel
1438 1117 1721 1157 subcanalicu-

66 1188 184 1237 latis,
224 1191 381 1227 statura
419 1185 647 1239 bipollicari
685 1190 726 1225 et
756 1186 904 1239 pedali.
964 1184 1110 1225 Flores
1141 1197 1305 1237 semper
1334 1185 1539 1239 speciosi,
1570 1185 1721 1232 citrini,

69 1255 358 1296 odoratissimi.

804 1318 989 1369 Sinapis.

183 1393 248 1431 65.
313 1388 358 1429 S.
388 1389 580 1427 arcensis
608 1386 650 1428 L.
683 1386 810 1426 Rchb.
844 1386 897 1426 lc.
932 1387 956 1428 l.
989 1400 1021 1425 c.
1057 1385 1084 1425 f.
1115 1389 1237 1427 4425.

182 1456 227 1496 ln
259 1456 379 1496 cultis
409 1469 535 1510 prope
565 1454 725 1504 Bilbao,
759 1453 1040 1493 Somorrostro
1072 1457 1112 1493 et
1141 1453 1238 1493 alibi
1270 1454 1310 1492 in
1343 1452 1574 1494 Cantabria.
1614 1452 1723 1509 Majo

74 1538 107 1563 c.
141 1523 178 1563 ss.
212 1527 252 1563 et
282 1522 328 1564 fr.

185 1593 248 1632 66.
313 1589 356 1632 S.
389 1589 686 1629 Schkuhriana
715 1587 843 1628 Rchb.
876 1588 929 1630 lc.
961 1588 985 1630 l.
1014 1601 1047 1627 c.
1081 1586 1106 1627 f.
1140 1590 1249 1629 4425
1280 1587 1316 1626 b.

96 1711 105 1715 =
134 1668 139 1669 ⁷
186 1659 230 1698 ln
263 1659 426 1698 saxosis
457 1657 506 1697 ad
537 1656 702 1697 fluvium
737 1657 843 1711 Arga
874 1669 1002 1709 prope
1033 1668 1181 1710 pagum
1201 1655 1327 1696 Olave
1357 1655 1398 1694 in
1426 1654 1609 1695 Navarra
1638 1667 1730 1709 sepa

76 1726 324 1773 tentrionali,
354 1725 479 1765 Junio
511 1739 544 1767 c.
576 1724 613 1763 ss.
647 1726 687 1762 et
718 1722 766 1762 fr.

180 1793 274 1834 obs.
305 1792 542 1846 Specimina
572 1805 652 1831 non
682 1804 771 1830 cum
803 1792 921 1830 icone
959 1792 1081 1830 citato
1114 1792 1268 1844 optime
1298 1793 1538 1845 congruunt.
1600 1790 1633 1830 A
1665 1789 1729 1830 Si-

78 1861 174 1915 napi
205 1861 369 1900 arvensi
399 1861 524 1913 stirps
555 1863 696 1898 nostra
725 1863 808 1898 toto
840 1859 945 1899 coelo
975 1857 1176 1898 abhorret.

187 1930 252 1970 67,
311 1926 357 1967 S.
391 1926 673 1965 Chezranchus
704 1926 847 1965 Koch.
891 1925 992 1979 Syn.
1033 1925 1082 1965 ed
1113 1925 1164 1965 ΙΙ.
1208 1938 1245 1976 p.
1284 1927 1352 1966 64.
1382 1923 1511 1964 Rchb.
1544 1923 1599 1964 Ic.
1631 1924 1659 1965 l.
1691 1936 1725 1964 c.

80 1995 106 2035 f.
138 1998 257 2036 4432.
288 1996 498 2042 (Brassica
523 1993 799 2048 ¹Cheiranthus
830 1994 948 2042 Vill.)
978 1993 1037 2034 Pl.
1070 2007 1154 2033 exs.
1188 1992 1278 2034 coll.
1310 2005 1401 2032 ven.
1433 2006 1470 2032 n.
1505 1994 1599 2036 350.

186 2062 231 2104 ln
262 2063 408 2116 Pyren.
441 2064 616 2117 Aragon.
648 2064 689 2101 in
720 2062 924 2116 glareosis
955 2061 1167 2114 graniticis
1204 2059 1381 2099 humidis
1408 2060 1523 2112 juxta
1554 2061 1733 2098 catarac-

78 2123 142 2159 tas
172 2132 300 2174 prope
332 2120 479 2160 balnea
509 2120 729 2160 Panticosa
759 2117 809 2157 ad
841 2117 912 2156 alt.
944 2117 1087 2166 4750‘,
1118 2116 1244 2157 Junio
1276 2119 1454 2156 exeunte
1483 2128 1516 2154 c.
1549 2113 1589 2153 ss.

756 2183 1050 2224 Eruoascrum.

116 2292 118 2294 ,
195 2257 260 2296 68.
293 2254 346 2298 Ε.
379 2254 575 2294 ΡοιιίεΙιίἱ
605 2252 817 2304 Schimp.
851 2252 1043 2305 Spenn.
1076 2250 1187 2291 Koch
1210 2251 1311 2303 Syn.
1344 2249 1394 2289 ed
1423 2248 1474 2291 ll.
1506 2262 1544 2302 p.
1576 2251 1642 2289 65.
1674 2246 1736 2299 (E.

85 2310 295 2351 inodorum
335 2310 463 2351 Rchb.
506 2310 560 2350 Ic.
600 2310 625 2351 l.
668 2323 700 2349 c.
743 2310 853 2348 4428
882 2309 991 2354 (icon
1023 2306 1141 2346 valde
1171 2306 1501 2356 incompletusl).
1534 2305 1735 2356 Sisymbr.

84 2365 346 2407 Erucastrum
378 2366 479 2407 Poll.
512 2365 743 2419 Dipl'otaxis
772 2363 1033 2402 Erucastrum
1068 2362 1190 2403 Gren.
1224 2362 1345 2402 Godr.
1377 2360 1409 2399 Ι.
1441 2375 1480 2413 p.
1509 2363 1576 2401 80.

197 2422 241 2461 In
283 2423 491 2478 argillosis
531 2434 658 2475 prope
698 2419 878 2460 thermas
916 2418 1104 2458 'tiermes
1143 2422 1264 2471 atque
1302 2419 1410 2456 inter
1450 2415 1554 2456 Jaca
1583 2418 1625 2456 et
1655 2414 1740 2455 San

89 2477 198 2517 Juan
229 2477 278 2518 de
310 2479 348 2517 la
377 2479 489 2519 Pena
519 2478 559 2516 in
591 2477 795 2531 Aragonia
826 2487 961 2527 super.
994 2473 1119 2513 Junio
1151 2488 1183 2514 c.
1217 2473 1256 2512 ss.
1289 2477 1330 2512 et
1360 2471 1407 2514 fr.

195 2536 260 2576 69.
321 2533 374 2573 Ε.
408 2537 604 2572 incanum
634 2530 747 2571 Koch
779 2531 802 2570 l.
837 2544 869 2569 c.
902 2530 1087 2582 (Sinapis
1117 2532 1264 2569 incana
1293 2528 1338 2569 1..
1369 2524 1646 2567 Hirschfeldia
1675 2525 1743 2565 ad-

89 2602 232 2642 pressa
263 2589 410 2630 Monch
442 2594 482 2628 et
510 2587 644 2628 Webb
674 2587 723 2629 It.
756 2586 860 2639 hisp.
894 2599 930 2636 p.
963 2588 1046 2631 72.)

202 2645 246 2684 ln
270 2645 487 2685 ·ruderatis
527 2656 654 2696 prope
694 2655 786 2694 opp.
829 2639 956 2679 Chiva
997 2641 1038 2679 in
1066 2652 1195 2693 regno
1227 2638 1464 2684 valentino,
1497 2637 1597 2690 Aug.
1631 2650 1664 2676 c.
1700 2635 1739 2678 fl.

89 2706 129 2741 et
160 2701 204 2740 fr.
238 2700 406 2747 (Forma
436 2700 728 2752 hispidissima‚
759 2700 890 2737 rostro
920 2695 1159 2748 siliquarum
1191 2694 1313 2735 etiam
1345 2691 1541 2748 hispido.)

781 2751 1044 2800 Dipzocaoezs.

200 2815 266 2854 70.
327 2810 381 2851 D.
414 2814 578 2860 virgata
609 2808 690 2848 Dc.
753 2807 890 2848 Prodr.
934 2805 964 2847 1.
1009 2820 1047 2861 p.
1090 2810 1182 2848 222.
1224 2807 1412 2860 (Sinopis
1452 2804 1613 2857 virgata
1643 2802 1739 2843 Cav.

91 2868 201 2921 prael.
234 2882 269 2920 pv
305 2870 397 2909 428.
430 2865 659 2916 Descriptio
692 2864 832 2917 lingua
863 2863 1080 2904 vernacula
1112 2862 1305 2916 optimal)
1652 2899 1653 2902 ,

1482 2935 1504 2969 2
