1867 3215
171 78 236 125 24

173 205 290 259 stirp.
320 215 452 260 srrag.
483 206 606 245 mant.
637 216 675 256 p.
709 203 800 242 168.
832 198 1012 253 Lychnis
1043 201 1262 254 pyrenaica
1291 200 1411 254 Berg.
1470 199 1514 240 1..
1545 200 1815 242 nummularia

172 269 273 324 Lap.
333 271 475 310 Silene
505 268 740 324 glaucifolia
759 266 891 321 Lag.‘?
924 280 1005 309 sec.
1036 258 1220 322 diagnos.
1252 268 1293 307 in
1308 266 1470 310 Varied‚
1500 266 1551 308 de
1580 267 1706 310 cienc‚
1737 271 1811 308 art.

173 339 292 379 1805.
324 350 361 389 p.
394 339 504 385 213.)
561 336 621 378 Pl.
653 349 736 376 exs.
769 334 861 375 coll.
892 346 981 375 ven.
1014 347 1051 376 n.
1081 336 1174 376 385.

282 402 340 444 Ad
369 415 507 443 muros
537 403 752 442 umbrosos
781 396 1019 442 monaste‘rii
1046 401 1201 454 antiqui
1231 401 1315 440 San
1345 401 1453 441 Juan
1483 400 1534 441 de
1563 401 1604 442 la
1631 401 1744 443 Pena
1766 402 1813 442 in

176 470 381 524 Aragouia
415 470 629 524 superiore
665 468 717 509 ad
745 469 813 509 alt.
845 470 990 516 3300‘‚
1031 469 1100 508 illo
1131 469 1220 508 loco
1247 469 1330 522 jam
1361 481 1385 508 a
1415 468 1464 508 cl.
1495 468 1599 508 Asso
1628 468 1812 509 detecta!

174 541 215 576 et
246 537 287 576 in
318 535 553 591 Synopside
582 536 608 575 l.
640 549 673 575 c.
705 537 808 575 satis
839 535 1197 588 bene'descripta!
1230 534 1341 574 Julio
1373 548 1405 575 c.
1438 533 1476 573 fl.
1510 538 1551 574 et
1580 533 1627 574 fr.

288 602 381 645 011³.
440 603 578 643 Altera
617 603 782 656 species
821 600 940 655 huJ‘us
981 603 1146 656 generis
1176 605 1378 641 structura
1410 601 1580 640 seminis
1611 601 1816 654 praecipue

174 669 353 710 funiculo
394 669 617 710 umbilicali
655 683 679 709 e
709 666 789 708 filis
819 668 1045 708 articulatis
1075 669 1300 721 composito
1331 680 1472 707 semen
1504 667 1728 720 pulvinaris
1759 667 1815 707 in-

173 741 257 777 star
286 737 478 792 cingente
510 736 807 791 persingularis
836 740 877 774 et
908 748 931 774 a
959 737 1106 775 ceteris
1136 736 1316 775 Sileneis
1346 735 1451 774 bene
1481 733 1673 774 distincta
1701 737 1786 773 est:

279 801 331 845 P.
361 801 577 857 Laqascae
606 802 779 842 Willk.
813 802 1062 857 (Silenopsis
1093 801 1291 857 Lagascae
1308 800 1555 843 Willk.Bot.
1574 801 1812 843 zeit.1847.

174 884 212 922 p.
246 872 339 912 237.
371 870 514 911 Silene
542 868 829 924 glaucopbylla
858 868 957 923 Lag.
990 871 1031 908 in
1062 868 1173 908 herb.
1208 868 1503 909 Boutelouano.
1564 868 1607 910 S.
1637 867 1818 908 saxicola

174 950 212 978 n.
253 950 313 989 sp.
345 935 444 991 Lag.
486 938 527 977 in
558 935 668 977 herb.
710 949 796 991 reg.
828 935 1065 977 Madritens.
1099 936 1142 976 S.
1175 933 1445 990 glaucifolia?
1482 934 1581 989 Lag.
1621 947 1705 975 sec.
1735 938 1816 974 sta-

172 1005 308 1044 tiones
322 1002 375 1050 *).

284 1069 562 1119 Multieaulis,
602 1068 787 1109 caulibus
832 1070 1065 1108 tenerrimis
1112 1067 1456 1109 adscendentibus
1500 1067 1818 1122 simplicissimis

172 1135 357 1179 unifloris
397 1137 463 1176 vel
505 1135 600 1175 inde
640 1149 665 1175 a
694 1135 826 1175 medio
856 1134 1097 1175 dichotomis
1127 1135 1383 1189 paucifloris3
1424 1134 1535 1174 foliis
1565 1134 1818 1175 membrana-

173 1206 282 1252 σεῖε,
323 1202 568 1244 radicalibus
599 1202 857 1256 cauliumque
883 1203 1124 1257 juvenilium
1155 1202 1364 1255 petiolatis
1393 1201 1661 1251 lanceolatis,
1697 1200 1819 1241 cauli—

174 1272 239 1311 nis
268 1270 485 1311 sessilibus
516 1270 605 1309 basi
635 1269 913 1316 subconnatis,
946 1269 1207 1309 inferioribus
1225 1268 1643 1318 lineari-lanceolatis,
1675 1267 1821 1308 mediis

175 1339 399 1386 (maximis)
430 1336 834 1385 ovato-lanceolatis‚
876 1337 1046 1376 summis
1076 1336 1300 1377 minoribus
1329 1335 1595 1386 lanceolatis,
1636 1335 1822 1375 omnibus

176 1405 335 1452 acutis3
381 1403 549 1444 floribus
580 1404 777 1443 solitariis
806 1404 870 1443 vel
902 1403 993 1443 laxe
1023 1404 1292 1458 paniculatis‚
1323 1402 1474 1457 petalis
1503 1403 1688 1443 cuneatis
1718 1405 1822 1442 retu·

176 1472 250 1522 sis,
281 1471 509 1511 seminibus
540 1471 683 1525 nigris.

288 1538 388 1579 Hab.
431 1539 471 1577 in
510 1536 718 1578 montibus
757 1538 872 1593 regni
902 1536 1178 1592 Legionensis
1208 1549 1335 1591 prope
1366 1535 1539 1585 ealdan,
1573 1533 1822 1590 Valgrande‚

176 1605 468 1661 villadangos,
511 1604 705 1659 Pajares,
750 1604 900 1653 Arvas,
942 1605 983 1643 in
1014 1605 1222 1644 cacumine
1252 1601 1522 1644 Penafurada.
1556 1600 1822 1657 Lagasca!

177 1673 283 1714 Tota
313 1673 452 1726 planta
481 1671 728 1727 glaberrima
758 1669 897 1711 babitu
929 1669 1093 1711 Silenos
1122 1672 1348 1722 rupestris,
1379 1669 1450 1710 sed
1480 1669 1667 1710 omnibus
1698 1671 1820 1724 parti-

179 1739 256 1780 bus
300 1739 441 1794 major.
509 1737 709 1778 Rhizoma
754 1741 939 1778 tenerum
983 1738 1211 1791 multiceps.
1279 1737 1397 1778 Folia
1440 1738 1481 1776 in
1525 1737 1633 1777 sicco
1678 1736 1823 1777 viridia

179 1805 511 1862 glaucescentia,
550 1804 746 1845 radicalia
783 1804 1041 1858 cauliumque
1074 1804 1315 1860 juvenilium
1359 1804 1521 1851 1—-l¹s2
1562 1803 1655 1855 poll.
1697 1805 1820 1857 paris.

182 1872 330 1928 longa,
372 1871 537 1926 petiolis
577 1872 754 1912 laminae
791 1871 1070 1927 longitudine,
1113 1872 1272 1913 caulina
1312 1870 1447 1910 media
1487 1871 1648 1911 6-8‘11
1687 1870 1824 1926 longa,

206 1983 244 2023 *)
267 1980 308 2014 In
335 1979 499 2014 herbario
525 1991 602 2024 reg.
629 1979 745 2014 Madr.
770 1989 840 2013 una
865 1979 1056 2024 eademque
1082 1979 1225 2025 plagula
1252 1982 1433 2022 utramque
1460 1978 1717 2023 Petrocoptidis
1741 1989 1825 2023 spe-

269 2037 359 2070 ciem
385 2035 551 2072 continet.
576 2035 725 2076 Adjecta
750 2038 803 2069 est
829 2034 1006 2068 schedula
1030 2035 1073 2068 ab
1098 2035 1400 2080 ipsoLagasca
1425 2034 1572 2078 scripta,
1601 2043 1726 2067 nomen
1752 2033 1827 2076 „Si—

268 2091 348 2125 lene
376 2090 538 2126 saxicola
563 2101 598 2127 n.
627 2091 710 2136 sp.“
737 2093 842 2135 atque
867 2089 1008 2124 easdem
1034 2090 1204 2123 stationes
1234 2090 1421 2130 exbibens,
1448 2099 1536 2133 quas
1563 2088 1732 2122 schedula
1759 2091 1827 2122 La-

271 2157 432 2192 gascana
466 2147 503 2181 in
538 2145 636 2184 herb.
671 2145 918 2179 Boutelouano
944 2144 1089 2188 „Sileni
1129 2144 1443 2189 glaucopbyllae“
1468 2143 1636 2180 attribuit.
1686 2144 1766 2180 Qun
1789 2155 1828 2179 re

269 2205 389 2248 patet,
427 2199 630 2236 schedulam
657 2200 751 2234 illam
781 2200 932 2233 herbarii
959 2199 1184 2233 Madritensis
1210 2200 1253 2233 sd
1280 2202 1478 2245 Petrocopt.
1506 2201 1694 2244 Lagascae
1719 2201 1827 2245 perti-

277 2269 361 2290 nere
394 2268 510 2303 neque
542 2256 585 2290 ad
611 2256 652 2289 Ρ.
687 2255 924 2302 pyrenaicam.
971 2257 1049 2288 Jam
1082 2264 1164 2288 vero
1198 2266 1302 2300 quum
1334 2255 1480 2299 „Silene
1505 2254 1734 2299 glaucifolis“
1770 2265 1829 2288 se-

274 2312 425 2346 cundum
455 2312 830 2356 ipsumLagascam
857 2311 890 2344 in
921 2310 1042 2344 cadem
1068 2310 1215 2354 regione
1242 2314 1389 2353 crescat,
1415 2320 1517 2354 quam
1531 2310 1830 2355 PetrocoptisLa-

274 2378 407 2412 gascae
442 2366 634 2409 inhabitat,
672 2366 858 2411 probabile
893 2376 973 2399 esse
998 2365 1155 2408 videtur,
1189 2367 1345 2399 Silencm
1385 2365 1487 2398 ctiam
1513 2364 1750 2409 glaucifoliam
1778 2366 1827 2399 nil

275 2423 343 2456 nisi
369 2422 652 2465 Petrocoptidem
678 2432 788 2454 meam
815 2423 1002 2464 Lagascae
1040 2430 1132 2455 csse.
1181 2420 1252 2453 Sed
1282 2420 1468 2465 dingnosis
1493 2423 1527 2454 S.
1555 2419 1784 2463 glaucifoline
1809 2431 1829 2453 a

275 2477 318 2512 cl.
337 2479 542 2521 Lagussa
568 2475 590 2510 l.
606 2486 635 2510 c.
651 2475 749 2508 data:
776 2476 900 2519 „caule
919 2475 1165 2519 procumbente
1185 2486 1322 2508 ramoso
1343 2476 1482 2517 tolioso,
1512 2475 1605 2508 soliis
1630 2475 1744 2508 ovatis
1769 2476 1832 2509 ob-

274 2532 385 2576 tusis,
419 2530 645 2565 inferioribus
678 2530 874 2574 pestolatui,
908 2530 1150 2575 superioribus
1176 2530 1250 2562 sere
1276 2530 1517 2572 subcordatis,
1543 2530 1686 2563 floribus
1712 2531 1830 2575 parvis

276 2586 509 2633 psniculntis,
546 2584 729 2629 calycibus
754 2585 920 2627 clavatis,
959 2584 1085 2630 petalis
1123 2585 1309 2617 obovafiu⁴⁴
1357 2585 1593 2630 Pctrqcoptidi
1617 2586 1830 2630 pyrenaicnc

276 2644 402 2677 melius
427 2641 612 2683 convenit,
645 2650 747 2684 quam
777 2642 809 2674 l'.
836 2643 1044 2684 Lagnscae,
1080 2639 1179 2680 cujus
1214 2639 1297 2672 folia
1330 2640 1513 2684 superiora
1538 2650 1724 2685 numquam
1751 2651 1828 2673 cor-

277 2700 357 2731 data
381 2697 452 2730 vidi
477 2700 511 2729 et
535 2695 634 2737 cujus
660 2694 764 2728 flores
788 2695 833 2727 iis
866 2697 901 2729 l’.
929 2693 1138 2739 pyrenaicac
1163 2693 1312 2734 maiores
1336 2698 1427 2730 sunt.
1477 2695 1642 2728 Fortasse
1671 2697 1705 2729 S.
1730 2694 1827 2739 glau—

276 2752 394 2786 cifolia
418 2750 536 2796 planta
563 2760 583 2783 a
609 2749 866 2794 Petrocoptidis
891 2750 1079 2794 speciebus
1109 2748 1272 2781 distincta
1298 2753 1331 2782 ct
1355 2760 1479 2782 revera
1505 2750 1547 2782 nd
1574 2750 1711 2783 sirenes
1736 2750 1827 2782 refe-

279 2808 388 2841 renda
422 2810 485 2842 est.
533 2807 646 2848 Quam
679 2805 920 2848 quaeutionem
958 2815 1026 2838 non
1052 2804 1119 2837 uiui
1144 2804 1337 2848 specimina
1363 2807 1398 2838 S.
1426 2805 1652 2848 glsucifolinc
1678 2804 1828 2849 origina-

277 2863 335 2904 lia,
360 2869 449 2906 quae
473 2861 508 2894 in
533 2860 630 2895 berb.
657 2871 733 2904 reg.
761 2859 874 2893 Msdr.
902 2860 1165 2900 desiderantur,
1193 2859 1396 2893 discernere
1423 2866 1578 2905 possunt.
