1867 3215
1631 79 1693 125 81

162 202 254 242 522.
315 199 361 241 T.
395 198 747 239 Leucanchemmn
777 201 818 242 G.
852 202 898 244 11.
930 201 1144 243 Schultz
1175 204 1200 244 l.
1234 217 1269 243 c.
1329 204 1696 255 (Leucanthemum

52 266 219 320 vulgare
253 267 363 307 Lmk.
424 265 786 321 chrysanthemum
818 269 1158 310 Leucanthemum
1192 270 1259 321 L.)

160 334 204 374 In
239 337 388 387 pratis,
427 336 696 389 graminosiS,
738 336 788 375 ad
833 351 958 390 sepes
988 342 1062 379 etc.
1097 337 1367 390 Cantabriae,
1405 340 1611 380 Navarrae
1657 345 1698 381 et

50 402 279 457 Aragoniae
320 404 543 456 superioris
584 403 686 442 satis
717 403 982 447 abundanter.
1042 405 1151 460 Majo
1181 419 1214 445 c.
1247 405 1333 446 ssor.
1393 406 1698 461 InffPyrenaeis

50 470 166 524 Arag.
202 484 327 524 prope
359 471 505 511 balnea
534 470 750 510 Panticosa
780 470 828 510 ad
859 472 928 510 alt.
962 475 1107 518 5000‘,
1150 473 1276 513 Junio
1318 488 1351 514 0.
1384 474 1469 516 flor.
1531 476 1698 526 (Forma

51 537 298 577 multicaulis
328 537 492 578 humilis
523 537 835 591 microcephala,
868 537 978 578 foliis
1009 540 1181 579 caulinis
1211 540 1410 594 profunde
1441 540 1617 588 incisis.)

168 603 300 646 Vara?
331 605 513 645 acheniis
544 606 840 660 marginalibus
870 606 1108 660 plerumque
1132 610 1350 658 coronatis,
1381 624 1514 665 pappo
1548 623 1696 664 nempe

47 670 253 712 dimidiato
287 686 336 712 ex
366 687 446 713 uno
478 673 541 713 vel
572 672 729 713 duobus
762 672 953 713 dentibus
984 675 1238 714 consistente
1269 677 1492 718 instructis.
1525 678 1584 718 Pl.
1608 691 1694 719 exS.

47 739 136 778 coll.
171 753 260 781 ven.
293 754 329 781 n.
369 743 444 781 180
474 740 548 779 sub
580 742 743 780 nomine
775 739 1096 780 Plzalacrodisci
1124 744 1325 781 montani.
1600 751 1603 753 ’

159 806 204 845 111
236 809 362 861 pratis
393 821 518 861 prope
534 808 716 863 Vergara
741 810 778 848 in
800 809 1034 861 Guipuzcoa
1065 810 1297 861 promiscue
1328 823 1416 850 cum
1448 810 1578 851 forma
1607 825 1698 851 nor-

48 873 166 919 mali,
207 887 230 913 a
260 888 337 928 qua
368 888 447 914 non
478 876 557 914 nisi
588 874 822 915 charactere
853 875 1030 915 indicato
1061 880 1101 915 et
1132 889 1271 929 parum
1304 882 1519 918 constante
1549 878 1696 919 differt.

49 939 402 981 Pltabacrodiscus
447 947 593 995 mor-tt,
638 956 712 982 seu
757 944 891 996 potius
932 942 1193 983 Tanacecum
1234 948 1475 984 montanum
1515 947 1698 999 squamis

48 1007 227 1047 anthodii
246 1010 507 1049 interioribus
530 1011 719 1065 integris,
752 1010 861 1050 foliis
892 1012 1092 1059 carnosis,
1124 1010 1387 1052 inferioribus
1417 1014 1534 1066 apice
1564 1014 1694 1053 solum

47 1076 358 1128 paucitlentatis‚
390 1077 562 1118 caulinis
593 1078 679 1117 basi
711 1092 791 1117 non
820 1078 997 1117 dentatis
1027 1092 1051 1118 a
1081 1082 1222 1118 nostra
1253 1080 1355 1119 bene
1386 1079 1576 1120 distincta
1601 1095 1696 1121 esse

47 1142 216 1183 videtur.
249 1144 307 1184 Cf.
341 1144 638 1198 descriptiones
651 1145 701 1185 T.
716 1145 1011 1186 Leucanchemz·
1041 1149 1081 1186 et
1110 1149 1295 1186 montani
1325 1148 1364 1187 in
1377 1147 1524 1188 Gren.
1545 1147 1694 1188 Godr.

48 1208 107 1252 ΕΙ.
139 1210 203 1250 Fr.
235 1210 285 1254 11.
318 1226 354 1265 p.
392 1215 481 1253 140.
518 1217 607 1253 141.

763 1280 967 1319 Ormenis.

158 1347 250 1386 523.
312 1346 357 1388 0.
386 1350 523 1386 mima
557 1348 697 1387 Cass.
733 1348 791 1386 Pl.
825 1361 909 1389 exS.
941 1347 1031 1386 coll.
1067 1360 1156 1390 ven.
1189 1360 1226 1388 n.
1259 1351 1350 1390 563.
1409 1349 1694 1391 (chamomilla

45 1412 172 1452 mixta
204 1413 325 1454 Godr.
359 1415 481 1454 Gren.
515 1415 538 1454 l.
573 1429 605 1457 c.
635 1429 673 1468 p.
709 1417 801 1455 131.
844 1413 1055 1454 Anthemis
1085 1416 1209 1453 mixta
1239 1414 1303 1461 L.)

150 1480 194 1520 ln
226 1483 337 1534 agris
368 1481 567 1532 desertis,
612 1481 836 1531 ruderatis,
877 1481 925 1520 ad
968 1482 1056 1521 vias
1099 1495 1224 1536 prope
1256 1482 1522 1533 Salamanca,
1564 1484 1690 1524 Pena-

44 1547 188 1597 randa,
230 1549 330 1588 Alba
359 1548 632 1597 ‹le-Tormes,
665 1549 811 1604 Bejar‚
843 1549 981 1588 Bano's
1011 1552 1052 1588 et
1082 1549 1180 1588 alibi
1212 1550 1250 1588 in
1283 1562 1410 1605 regno
1442 1550 1693 1606 Legionensi

44 1616 166 1669 inque
196 1615 377 1656 Castella
408 1620 558 1658 vetere.
591 1616 749 1657 Octobr.
784 1630 815 1655 c.
850 1614 936 1655 flor.
968 1620 1009 1655 et
1041 1615 1129 1656 frct.

759 1683 987 1722 Anthemis.

154 1754 246 1792 524.
307 1750 357 1789 A.
391 1753 582 1789 ari-ensis
612 1750 655 1789 L.
693 1762 731 1789 αι.
762 1741 947 1798 yenuina
978 1750 1100 1790 Gren.
1136 1750 1257 1791 Godr.
1290 1751 1315 1790 l.
1349 1764 1382 1792 0.
1413 1766 1451 1806 p.
1483 1755 1573 1794 153,

155 1817 200 1856 ln
231 1819 418 1858 arenosis
450 1818 596 1858 montis
629 1819 769 1857 Sici-ra
808 1817 858 1858 de
888 1817 1090 1870 Moncayo
1122 1831 1248 1871 prope
1278 1820 1555 1860 sanctuarium
1586 1821 1693 1876 eJus-

43 1884 132 1925 dem
164 1887 354 1925 nominis.
387 1884 499 1925 Julio
530 1900 561 1928 0,
592 1884 676 1925 flor.

738 1951 988 2004 Anacyclus.

156 2024 247 2061 525.
310 2021 360 2059 A.
393 2022 582 2059 clavatus
613 2020 753 2059 Pers.
788 2020 911 2059 Gren.
944 2020 1064 2060 Godr.
1099 2019 1122 2060 1.
1156 2033 1188 2058 0.
1226 2022 1315 2061 158.

156 2086 200 2127 111
230 2088 486 2142 rupestribus
527 2087 722 2126 calcareis
752 2100 878 2141 prope
915 2086 1309 2127 Prados-Redondos
1341 2092 1380 2127 et
1412 2089 1508 2128 alibi
1539 2091 1579 2129 in
1610 2091 1693 2144 pla-

44 2156 144 2195 nitie
177 2156 259 2194 alta
290 2156 395 2194 circa
423 2153 576 2194 Molina
609 2153 657 2194 de
675 2156 834 2208 Aragon
868 2156 961 2202 sita,
992 2155 1031 2193 in
1064 2153 1263 2193 ruderatis
1294 2168 1420 2209 prope
1451 2156 1589 2197 urbem
1621 2158 1691 2197 Za-

42 2236 204 2278 ragoza,
236 2223 342 2261 circa
375 2222 601 2270 Carinema,
636 2221 811 2269 Daroca,
843 2220 995 2260 Teruel
1026 2224 1101 2262 etc.
1134 2220 1246 2261 Julio
1278 2235 1311 2261 c.
1345 2221 1428 2262 flor.

152 2292 244 2330 526.
304 2287 352 2329 A.
385 2290 621 2327 valentinus
652 2287 694 2327 L.
729 2288 852 2327 Gren.
886 2286 1008 2327 Godr.
1042 2288 1066 2327 l.
1100 2301 1132 2327 c.
1169 2291 1259 2329 159.

154 2356 197 2395 ln
228 2355 346 2397 cultis
378 2369 504 2409 prope
534 2355 672 2395 urbem
703 2356 911 2395 Valencia.
944 2356 1044 2408 Aug.
1078 2368 1110 2396 0.
1143 2354 1228 2396 flor.
1261 2359 1301 2396 et
1331 2355 1377 2396 fr.

749 2421 979 2461 Sancolina.

153 2492 246 2530 527.
307 2488 352 2528 S.
386 2489 813 2541 chamaecyparissus
843 2488 884 2527 L.
922 2504 958 2526 οι.
991 2490 1143 2528 incana
1170 2489 1290 2529 Gren.
1325 2489 1445 2530 Godr.
1477 2489 1501 2530 l.
1535 2504 1566 2530 c.
1600 2493 1690 2532 160.

43 2580 94 2588 —
125 2555 186 2596 Pl.
218 2569 302 2597 exs.
337 2557 425 2597 coll.
460 2570 548 2596 ven.
582 2571 620 2596 n.
652 2560 745 2597 249.
779 2557 841 2606 (S.
877 2556 1023 2595 incana
1054 2555 1185 2602 Lmk.)

155 2620 199 2662 ln
239 2625 467 2678 margaceis
506 2624 631 2663 aridis
669 2636 795 2676 prope
833 2621 1034 2673 Liedena,
1075 2623 1208 2672 Yesa,
1249 2624 1354 2663 inter
1383 2623 1606 2678 Pamplona
1646 2629 1688 2664 et

41 2689 225 2730 Monreal
257 2695 297 2729 et
327 2690 424 2729 alibi
455 2692 494 2729 in
526 2691 719 2739 Navarra,
750 2691 790 2728 in
825 2690 1028 2742 Aragonia
1058 2691 1270 2743 superiore
1301 2703 1426 2744 prope
1457 2690 1571 2731 Jaea.
1612 2690 1685 2731 Ju-

42 2757 109 2795 nio
140 2770 172 2796 c.
207 2756 291 2796 flor.
321 2757 491 2810 juvenii,

151 2819 194 2874 β.
226 2834 454 2873 squarrosa
483 2823 610 2864 Dec.
642 2825 702 2872 (S.
734 2836 952 2878 squarrosa
983 2824 1071 2873 W.)

1379 2891 1416 2923 11
