1867 3215
133 96 200 142 44

241 222 286 263 ln
319 227 484 278 pascuis
515 227 666 266 montis
697 224 810 266 Pena
841 225 1057 280 Gorveya,
1091 230 1214 281 atque
1247 227 1478 281 Pyrenoeor.
1511 226 1627 280 Arag.
1658 225 1784 282 Majo,
1822 212 1828 218 ¹

135 287 260 330 Junio
293 305 323 332 c.
358 291 395 334 fl.

888 359 1032 400 Lotus.

243 426 336 465 281.
398 424 446 466 L.
478 428 806 480 anquscissimus
834 426 877 467 1..
911 427 1039 468 forma
1069 427 1223 483 glabra.

247 490 292 531 ln
337 493 523 532 arenosis
569 494 674 532 inter
721 508 844 548 rupes
886 497 1110 549 graniticas
1151 497 1191 535 in
1233 495 1338 534 valle
1370 493 1480 534 fluvii
1511 494 1627 534 Jerte
1657 507 1784 548 prope

135 558 349 600 Plasencia
380 561 421 600 in
455 559 759 601 Extremadura.
794 562 878 602 Oct.
910 576 940 601 c.
976 562 1012 601 fl.
1042 566 1082 601 et
1112 561 1159 603 fr.

250 629 342 667 282.
403 626 451 665 L.
480 629 769 666 corniculacus
796 627 837 668 L.

250 693 294 732 In
325 695 455 747 pratis
472 694 716 743 Cantabriae,
747 697 786 736 in
815 697 1063 751 graminosis
1097 697 1366 749 arenosisque
1398 708 1469 749 per
1499 697 1622 735 totam
1640 694 1785 747 Hispa-

135 760 243 799 niam
275 762 442 813 passim.

248 839 287 876 7.
317 829 507 867 hirsutus
535 827 679 868 Koch.
714 827 775 876 (L.
809 829 979 868 villosus
1011 828 1182 876 Timui.)
1217 828 1262 868 ln
1293 829 1542 883 graminosis
1572 840 1780 869 nemorum

136 894 241 934 inter
269 894 372 934 Jaca
403 899 444 934 et
474 896 516 936 S.
549 895 658 935 Juan
690 894 739 934 de
769 894 808 933 la
838 894 948 934 Pena
978 908 1082 934 raro,
1116 896 1197 936 Jul.
1231 910 1263 936 c.
1297 896 1334 938 ss.
1367 900 1407 935 et
1439 895 1486 937 fr.

245 961 338 1002 obs.
397 961 585 1002 Formam
629 962 749 1016 hujus
790 962 1002 1000 varietatis
1040 962 1216 1015 alpinam
1249 961 1438 1002 humilem
1471 961 1780 1017 micropbyllam

132 1026 184 1066 ad
223 1030 362 1069 variet.
401 1029 617 1084 glacialem
649 1029 782 1068 Boiss,
827 1027 945 1067 valde
987 1028 1247 1069 accedentem
1289 1030 1370 1085 legi
1410 1031 1448 1069 in
1482 1029 1627 1082 Pyren.
1659 1033 1777 1086 Arsg.

128 1095 228 1149 jugo
259 1096 408 1136 Puerto
439 1097 488 1136 de
520 1095 721 1136 Canfranc
751 1094 801 1134 ad
832 1095 898 1133 alt.
930 1092 1080 1136 4500¹.'

238 1164 332 1203 283.
395 1162 444 1202 L.
476 1165 654 1202 creticus
683 1163 727 1202 1..

245 1228 292 1269 In
324 1229 529 1270 sabulosis
561 1230 610 1270 ad
642 1242 752 1270 oram
784 1230 908 1269 maris
940 1243 996 1282 pr.
1028 1229 1277 1279 Valentiam,
1308 1230 1408 1284 Aug.
1441 1228 1533 1270 defi.

826 1297 1089 1350 A3!1·ayolus.

246 1366 338 1406 284.
398 1363 448 1403 A.
478 1365 760 1417 ⁸qucgffihyllus
790 1363 832 1404 L.

247 1429 304 1470 Ad
344 1444 466 1484 sepes
497 1431 711 1470 umbrosas
742 1430 972 1470 Cantabriae
1004 1432 1183 1484 passim,
1224 1443 1260 1470 v.
1294 1444 1324 1471 c.
1362 1443 1488 1485 prope
1519 1430 1662 1471 Bilbao
1693 1430 1781 1470 loco

137 1496 269 1537 Paseo
301 1497 351 1537 de
382 1498 444 1537 las
475 1497 620 1537 Canas.
653 1497 762 1552 MaJ'o
794 1497 968 1537 nondum
1001 1497 1086 1539 flor.

245 1566 338 1605 285.
398 1564 447 1603 A.
479 1566 794 1604 macrorrhizus
824 1565 939 1604 Cav.

245 1630 290 1670 ln
321 1631 529 1685 argillosis
562 1631 753 1671 Castellae
785 1629 900 1670 no'vae
930 1633 1112 1685 passim:
1148 1632 1253 1671 inter
1287 1632 1447 1672 Cuenca
1479 1630 1784 1682 et'l'arrancon,

136 1697 326 1753 Arganda
356 1698 420 1738 del
448 1698 539 1751 Rey
570 1703 610 1738 et
641 1697 869 1738 llladritum.
903 1699 1002 1752 Aug.
1035 1712 1065 1738 c.
1100 1697 1134 1737 fr

249 1765 340 1806 obs.
401 1766 636 1820 Specimina
675 1779 766 1805 mea
806 1779 893 1805 cum
936 1765 1203 1820 originalibus
1234 1767 1273 1805 iu
1305 1764 1415 1805 herb.
1448 1765 1780 1806 Cavanillesiano

135 1831 299 1873 Madriti
338 1834 565 1872 asservatis
603 1837 841 1886 congruunt.
873 1833 1045 1886 Species
1076 1833 1352 1887 leguminibus
1385 1833 1619 1885 cylindricis
1649 1833 1697 1873 ab
1729 1833 1780 1872 A.

135 1899 641 1940 nummularioidenesf.
674 1899 791 1938 valde
819 1899 1025 1950 distincta,
1056 1913 1143 1939 cum
1177 1914 1254 1954 qua
1284 1913 1372 1940 eam
1400 1902 1581 1955 conjugit
1597 1900 1646 1945 cl.
1665 1900 1782 1941 Bois-

134 1968 219 2007 sier
249 1968 288 2006 in
320 1968 422 2020 Voy.
456 1968 534 2007 bot.
567 1966 665 2020 Esp.
698 1982 736 2021 p.
771 1970 861 2008 180.

245 2037 338 2076 286.
398 2034 448 2073 A.
484 2033 780 2088 Traqacanelta
810 2033 892 2077 1..?

246 2100 292 2140 In
322 2101 548 2142 declivibus
579 2103 922 2142 arenoso-lutosis
952 2102 1076 2142 aridis
1105 2103 1226 2156 inque
1256 2103 1383 2142 muris
1415 2115 1541 2157 prope
1572 2114 1718 2158 pagum
1751 2103 1788 2141 la

139 2168 253 2222 Vega
283 2170 388 2208 inter
418 2169 661 2209 Villanueva
691 2169 740 2209 de
772 2171 924 2209 Gomez
956 2175 994 2208 et
1021 2169 1198 2224 Labajos
1230 2171 1268 2208 iu
1287 2170 1467 2209 Castella
1498 2174 1649 2219 velere,
1684 2183 1785 2210 ctes-

138 2236 244 2286 pites
276 2234 426 2275 densos
456 2235 651 2286 sormanS,
683 2236 755 2276 sed
787 2242 962 2277 exeunte
998 2238 1080 2276 Oct.
1115 2239 1204 2276 sine
1237 2236 1273 2275 ss.
1308 2240 1348 2275 et
1382 2236 1428 2275 sr.

858 2303 1077 2343 Psoratea.

250 2371 344 2409 287.
405 2367 479 2408 Ps.
512 2371 764 2408 bituminosa
792 2371 835 2410 L.
868 2371 925 2411 Pl.
956 2385 1039 2411 exst.
1072 2371 1162 2409 coll.
1196 2383 1284 2409 ven.
1319 2384 1354 2409 n.
1388 2373 1478 2411 477.

247 2435 291 2474 ln
323 2437 510 2475 arenosis
540 2438 759 2491 pinguibus
791 2439 912 2477 cultis
943 2440 1058 2493 regni
1091 2438 1285 2476 valentini
1316 2437 1582 2486 abundanter,
1616 2450 1648 2475 v.
1683 2451 1715 2478 c.
1747 2438 1787 2476 in

139 2503 272 2541 vineis
304 2516 358 2555 pr.
393 2502 539 2551 Cbiva,
581 2504 685 2542 inter
715 2505 836 2544 Vivcr
867 2509 906 2544 et
936 2506 1097 2553 Jerica,
1142 2506 1274 2544 minus
1316 2505 1483 2557 copiose
1515 2505 1553 2543 in
1589 2505 1789 2558 Aragonia
1840 2533 1845 2535 .

138 2581 171 2606 v.
205 2584 234 2608 c.
269 2570 373 2607 circa
390 2569 562 2618 Daroca,
594 2570 801 2623 Zaragoza
818 2576 910 2621 etc.‚
943 2572 1073 2610 rarius
1106 2572 1144 2609 iu
1165 2571 1356 2617 Navarra,
1390 2584 1423 2611 v.
1457 2584 1487 2610 c.
1518 2585 1574 2624 pr.
1598 2570 1789 2620 Liedena,

141 2624 276 2663 Olave.
309 2624 585 2678 Jun.—Aug.
617 2639 650 2664 c.
685 2626 720 2664 ss.

900 2681 1029 2720 vicia.

252 2738 344 2776 288.
410 2734 458 2773 V.
489 2735 766 2783 arvyusct'solia
797 2737 946 2776 Roth.
981 2739 1037 2777 ΡΙ.
1071 2750 1154 2777 exs.
1189 2736 1277 2777 coll.
1314 2750 1403 2777 ven.
1437 2751 1472 2775 n.
1505 2739 1571 2778 73.

249 2790 291 2828 ln
334 2791 505 2830 collibus
545 2794 790 2843 graminosis
833 2807 958 2845 prope
993 2793 1133 2832 Bilbao
1176 2797 1215 2831 et
1246 2792 1343 2831 alibi
1387 2793 1426 2831 in
1459 2791 1706 2839 Cantabriag
1747 2792 1787 2830 in

138 2846 350 2897 segetibus
390 2859 514 2898 prope
547 2848 670 2886 olavo
711 2855 787 2887 etc.
820 2849 859 2887 in
892 2849 1094 2898 Navarra,
1127 2849 1231 2888 circa
1262 2847 1366 2889 Jaca
1398 2853 1472 2888 etc.
1506 2849 1552 2887 in
1585 2848 1789 2901 Aragonia

139 2902 363 2951 superiore.
395 2901 519 2955 maja,
551 2903 644 2943 Jun.
677 2916 710 2944 c.
743 2903 781 2945 ss.
