1867 3215
306 313 398 352 657.
461 309 508 348 G.
547 306 766 347 Vitaliana
793 251 1224 350 Dubthizii'rla'Vlll.
1259 312 1322 350 46.
1343 330 1392 340 --
1415 308 1472 350 Pl.
1506 322 1590 350 exs.
1625 310 1714 352 coll.
1745 322 1834 352 ven.
1855 361 1865 378 Ι

192 392 228 417 n.
263 379 355 417 3⁴2.
388 374 548 424 (Aretia
577 372 787 413 Vitaliana
815 373 900 421 W.)

305 442 349 482 ln
390 441 614 494 Pyrenaeis
654 440 883 495 Aragoniae
921 439 972 480 ad
1012 442 1145 482 nivem
1187 441 1558 495 deliquescentem:
1603 443 1751 484 Puerto
1788 443 1839 485 (lo

199 511 302 559 lzas,
333 511 484 557 6460‘3
517 507 648 547 Punta
676 505 726 545 de
755 505 1024 558 Machimana,
1054 510 1195 550 8000st
1225 509 1349 550 Junio
1381 523 1411 549 c.
1447 508 1531 549 flor.

888 573 1138 616 Androsace.
1864 605 1867 612 Δ

310 634 404 673 658.
467 630 515 670 Α.
547 631 775 682 cylindrica
807 627 898 672 DC.
946 630 1081 673 Prodr.
1114 631 1136 671 Ι.
1171 645 1202 672 o.
1236 634 1299 673 47.
1332 657 1383 665 —-
1417 632 1473 672 Pl.
1496 643 1592 672 ὀι-ε.
1625 632 1715 672 coll.
1748 645 1838 672 ven.

193 714 230 740 n.
262 701 353 740 308.
386 699 447 745 (Α.
480 697 711 737 frutescens
738 695 856 750 Lap.)
1840 749 1850 755 ,

303 766 348 805 ln
390 763 552 805 fissuris
590 765 748 818 rupium
791 765 1044 805 verticalium
1085 780 1254 806 accessu
1286 764 1512 806 difficilium
1543 767 1582 806 in
1614 766 1743 811 latere
1773 765 1840 806 bo-

194 834 293 873 reali
325 834 473 872 montis
504 832 615 872 Pena
644 830 695 870 de
726 831 846 871 Oroel
876 831 924 870 ad
955 833 1022 871 alt.
1055 836 1264 875 4—5000‘
1296 835 1475 887 copiose.
1535 833 1660 873 Junio
1690 847 1722 873 c.
1755 832 1839 873 flor.

313 903 406 941 659.
469 898 518 938 A.
550 900 697 937 villosa
727 897 770 938 1..
806 922 857 929 —
886 899 945 939 ΡΙ.
978 913 1062 940 exs.
1098 901 1188 940 coll.
1223 914 1311 943 ven.
1343 914 1379 940 n.
1413 903 1503 941 334.

305 967 349 1006 ln
394 967 616 1019 Pyrenaeis
654 966 883 1020 Aragoniae
921 968 961 1006 in
1002 967 1205 1022 glareosis
1245 968 1426 1021 regionis
1466 966 1707 1020 subalpinae
1750 965 1840 1006 hinc

193 1033 306 1074 inde:
338 1033 487 1073 Puerto
519 1032 568 1073 de
587 1032 802 1080 Canfranc,
835 1035 1089 1082 4500‘rar03
1122 1047 1244 1088 supra
1275 1034 1422 1073 balnea
1451 1033 1684 1083 Panticosa‚
1716 1035 1842 1076 5000‘

192 1101 415 1153 copiosius,
447 1101 486 1139 in
519 1099 624 1138 valle
656 1098 746 1139 lzas
775 1099 824 1140 ad
855 1100 924 1140 alt.
957 1103 1167 1143 5-6000‘
1196 1101 1461 1142 abundanter.
1501 1101 1627 1142 Junio
1658 1114 1691 1141 c.
1724 1100 1808 1142 flor.

296 1171 391 1210 660.
453 1164 502 1205 A.
535 1178 691 1206 carnea
718 1164 763 1205 1..
798 1189 847 1195 —-
882 1167 940 1208 ΡΙ.
971 1180 1055 1208 exs.
1077 1168 1181 1208 ⁴1:011.
1213 1181 1301 1211 ven.
1334 1182 1372 1209 n.
1405 1172 1498 1210 341.

301 1234 345 1275 ln
377 1234 603 1287 Pyrenaeis
622 1234 852 1290 Aragoniae
882 1235 923 1274 in
945 1235 1149 1291 glareosis
1165 1236 1348 1290 regionis
1365 1235 1528 1289 alpinae
1544 1247 1658 1276 raro:
1691 1234 1839 1282 Puerto

190 1302 238 1343 de
269 1300 360 1342 lzas
392 1300 441 1342 ad
471 1302 604 1341 nivem
637 1300 999 1355 deliquescentem,
1029 1304 1166 1344 6000‘.
1198 1303 1323 1344 Junio
1353 1316 1386 1342 c.
1422 1301 1506 1342 flor.

884 1368 1138 1410 Somanella.

300 1429 393 1467 661.
456 1422 501 1464 S.
533 1426 676 1476 alpina
705 1423 749 1465 1..

306 1491 348 1532 ln
379 1491 604 1545 Pyrenaeis
636 1492 866 1547 Aragoniae
908 1478 965 1532 in*
988 1493 1191 1547 glareosis
1230 1492 1279 1533 ad
1316 1493 1449 1533 nivem
1491 1491 1837 1547 deliquescentem

190 1573 300 1600 raro:
332 1561 373 1600 in
407 1559 511 1599 valle
540 1558 647 1608 Izas,
679 1559 817 1600 6000‘.
850 1557 976 1599 Junio
1008 1572 1040 1597 c.
1075 1558 1161 1599 flor.
1478 1575 1480 1577 ·

976 1625 1104 1667 Coris.

300 1685 392 1724 662.
454 1682 497 1721 0.
530 1682 845 1732 monspeliensis
874 1681 918 1723 ΙΙ.

298 1749 343 1789 in
384 1749 582 1789 caleareis
620 1749 770 1803 apricis
809 1748 934 1788 aridis
963 1747 1168 1789 Navarrae
1207 1748 1463 1789 australioris
1504 1750 1633 1800 (inter
1661 1747 1840 1789 Listlena

192 1821 232 1856 et
264 1816 391 1865 Yesa)
423 1820 463 1855 et
493 1817 722 1870 Aragoniae
754 1816 880 1861 (inter
910 1815 1013 1857 Jaca
1045 1821 1084 1855 et
1114 1816 1157 1856 S.
1175 1814 1283 1856 Juan
1315 1814 1364 1856 de
1395 1816 1432 1856 la
1461 1815 1585 1866 Pena,
1617 1828 1743 1870 prope
1759 1814 1839 1856 Da-

191 1896 285 1923 roca
316 1885 416 1931 etc.)
449 1884 600 1936 passim
631 1887 671 1922 et
701 1894 804 1922 raro.
839 1882 979 1932 Junio,
1008 1882 1120 1923 Julio
1153 1896 1184 1923 c.
1220 1882 1303 1922 flor.

873 1947 1151 2001 Lysimachia.

301 2010 393 2047 663.
452 2005 495 2044 L.
530 2003 811 2054 Ephemerum
838 2003 880 2044 1..
922 2026 975 2033 —
1015 2005 1149 2044 Prodr.
1191 2005 1212 2044 l.
1258 2017 1289 2045 c.
1330 2007 1396 2046 62.
1440 2027 1491 2032 —
1533 2002 1589 2044 Pl
1632 2016 1716 2045 exs.
1747 2003 1836 2044 coll.

192 2088 279 2116 ven.
311 2077 404 2115 439.

300 2141 344 2180 ln
377 2140 582 2194 Aragonia
612 2138 808 2180 inferiore
838 2139 887 2179 ad
919 2139 1101 2179 canalem
1133 2137 1384 2192 imperialem
1416 2149 1542 2191 prope
1567 2137 1734 2192 Alagon.
1766 2137 1838 2178 Ju-

189 2208 242 2248 lio
274 2222 304 2248 c.
338 2207 423 2247 flor.

299 2278 391 2316 664.
454 2272 501 2312 l..
533 2284 748 2312 nemorum
779 2273 821 2314 1..
859 2297 909 2304 --
942 2274 1000 2314 Pl.
1036 2286 1120 2312 exs.
1154 2273 1243 2312 coll.
1278 2285 1366 2312 ven.
1402 2286 1440 2312 n.
1473 2275 1538 2313 23.

301 2341 357 2381 Ad
389 2353 514 2394 sepes
546 2340 758 2380 umbrosas
791 2354 916 2395 prope
948 2341 1058 2382 Yrun
1089 2343 1129 2379 et
1160 2339 1256 2379 alibi
1289 2340 1328 2378 in
1361 2338 1600 2387 Cantabria,
1645 2339 1766 2378 etiam
1797 2338 1836 2376 in

191 2408 364 2448 vallibus
395 2408 590 2448 montium
623 2407 885 2448 inferioribus
917 2408 957 2447 in
989 2407 1074 2447 solo
1108 2407 1253 2446 lutoso.
1288 2405 1395 2460 Illajo
1428 2419 1460 2444 c.
1494 2405 1581 2444 flor.

904 2474 1131 2522 Anoyallis.

300 2535 394 2572 665.
456 2530 505 2570 A.
536 2534 726 2569 arnensis
757 2530 800 2569 1..
841 2552 893 2559 —
935 2530 1070 2570 Prodr.
1105 2529 1127 2568 1.
1162 2543 1193 2567 c.
1225 2533 1290 2570 69.
1323 2551 1375 2558 —-
1406 2528 1465 2568 Pl.
1499 2540 1587 2567 exs.
1620 2527 1709 2566 coll.
1744 2538 1834 2566 ven.

191 2612 226 2637 n.
266 2601 352 2639 138.
388 2599 530 2637 Forma
563 2597 728 2637 floribus
760 2599 890 2637 roseis
920 2599 984 2643 (A.
1022 2597 1246 2651 phoenicea
1278 2598 1414 2642 suet.)

304 2665 346 2703 ln
381 2664 553 2704 collibus
584 2664 780 2703 calcareis
811 2665 1012 2718 glareosis
1044 2676 1168 2716 prope
1199 2663 1366 2711 Bilbao‚
1399 2664 1437 2702 in
1468 2661 1654 2702 arenosis
1685 2665 1726 2700 et
1755 2660 1836 2701 cul-

192 2734 244 2770 tis
276 2744 347 2784 per
378 2736 502 2771 totam
532 2732 783 2785 Hispaniam.
817 2731 925 2785 Majo
957 2745 986 2771 c.
1022 2730 1106 2770 llor.
1140 2735 1180 2769 et
1210 2731 1256 2770 fr.
1861 2730 1867 2831 1

304 2798 395 2836 Var.
426 2798 661 2851 lonqifvlia.
694 2797 810 2837 Folia
841 2798 1210 2837 ovato-lanceolata
1240 2798 1431 2851 elongata
1454 2795 1729 2835 obtusissima.
1760 2794 1834 2833 Co·

191 2865 291 2902 rolla
333 2864 533 2904 coerulea.
604 2865 748 2904 Planta
778 2866 998 2905 rarissima.
1060 2865 1117 2905 An
1147 2876 1251 2904 nova
1282 2862 1478 2916 species?
1539 2862 1594 2902 Pl.
1626 2874 1709 2900 exs.
1743 2859 1832 2899 coll.
1860 2855 1867 2922 l

192 2944 279 2970 ven.
313 2945 351 2971 n.
383 2934 474 2972 526.
1859 2925 1865 3027 i
