1867 3215
123 75 218 119 no

228 198 276 241 In
306 200 434 251 pratis
466 211 592 252 prope
624 198 915 238 monasterium
947 208 1094 241 novum
1126 199 1168 240 S.
1189 198 1296 239 Juan
1327 197 1377 237 de
1407 198 1446 236 la
1477 197 1589 236 Pena
1618 197 1666 236 ad
1697 197 1765 237 alt.

121 268 247 307 3440‘
277 266 455 320 copiose.
487 264 600 304 Julio
632 278 664 305 c.
697 264 782 304 flor.

233 334 267 380 δ.
299 333 471 370 minima
503 330 681 372 Benth.
736 331 761 370 Ι.
794 345 826 370 c.
902 331 963 377 (E.
997 333 1163 372 minima
1193 331 1310 384 chu.
1343 328 1566 372 Schieich.)
1625 328 1765 369 Sierra

119 398 169 438 de
200 397 478 440 Guadarrama
516 396 567 437 ad
605 397 761 437 rivulos
795 401 916 452 atque
947 399 988 438 in
1021 399 1237 454 uliginosis
1268 409 1509 451 pascuorum
1540 396 1766 449 alpinorum

118 464 169 505 ad
202 464 270 504 alt.
302 465 528 514 5-6000‘,
560 476 596 503 v.
629 477 662 503 c.
695 477 746 504 en
778 465 815 504 el
846 465 995 505 Puerto
1027 465 1076 505 de
1106 466 1145 505 la
1174 464 1402 505 Masonem.
1435 463 1551 517 Sept.
1583 476 1616 502 c.
1648 462 1687 502 fl.
1720 461 1768 505 fr.

798 542 1080 583 Rhinanlhus.

234 611 330 651 767.
391 607 471 649 Rh.
505 608 640 657 major
668 608 816 650 Ehrh.
850 633 902 640 --
933 610 992 650 Pl.
1025 623 1110 650 exs.
1141 609 1230 650 coil.
1264 622 1353 648 ven.
1386 621 1424 647 n.
1460 609 1551 649 181.

228 675 273 715 ln
306 677 434 729 pratis
465 677 571 716 inter
601 677 785 730 vergara
816 680 856 716 et
886 677 1068 717 Anzuela
1098 681 1138 716 et
1168 676 1266 715 alibi
1297 677 1337 714 in
1366 674 1604 728 Guipuzcoa
1633 675 1767 728 copio-

121 757 191 792 se;
224 741 345 782 etiam
378 744 419 782 in
451 743 557 782 valle
589 742 700 782 fluvii
733 743 934 783 Bidassoa
966 749 1087 797 atque
1122 745 1160 783 in
1194 743 1299 782 valle
1324 742 1478 781 Baztan
1510 742 1550 780 in
1567 740 1766 789 Navarra3

120 811 161 849 in
195 811 321 860 pratis
352 823 478 864 prope
510 809 711 850 Canfranc
742 815 782 849 et
813 811 910 850 alibi
943 812 983 850 in
1015 811 1189 851 vallibus
1220 811 1522 863 Pyrenaeorum
1544 809 1770 863 Aragoniae

115 876 379 917 inferioribus
411 890 540 931 usque
569 876 618 917 ad
650 880 786 918 3500‘.
825 877 950 932 MaJ'o,
981 878 1105 918 Junio
1138 891 1170 917 c.
1205 877 1289 916 flor.
1324 877 1370 916 fr.

795 955 1074 998 Pedicularis.

227 1024 322 1064 768.
385 1020 435 1060 P.
466 1023 660 1060 silvatica
690 1021 733 1061 L.
766 1046 819 1053 --
856 1024 914 1063 ΡΙ.
945 1037 1031 1063 exe.
1064 1024 1153 1065 coll.
1187 1036 1276 1063 ven.
1310 1037 1348 1062 n.
1383 1026 1448 1064 34.

231 1088 415 1128 Abundat
446 1089 485 1127 in
517 1089 646 1141 pratis
676 1089 962 1143 glareosisque
996 1091 1169 1130 humidis
1195 1091 1395 1130 muscosis
1414 1088 1659 1129 Cantabriae
1676 1088 1769 1129 inde

117 1169 142 1196 a
178 1157 347 1209 regione
387 1154 553 1194 littorali
595 1168 724 1206 usque
764 1156 814 1196 ad
845 1157 912 1196 ait.
947 1161 1071 1199 5000‘
1103 1158 1255 1207 (Yrun,
1299 1157 1338 1196 la
1367 1157 1497 1209 llaya,
1529 1155 1640 1195 Pena
1671 1156 1770 1195 Gor-

119 1226 265 1275 veya);
297 1223 428 1261 rarius
460 1223 499 1260 in
532 1222 757 1274 Pyrenaeis
787 1224 1035 1279 Aragoniae,
1067 1237 1102 1266 v.
1134 1238 1167 1263 c.
1200 1224 1288 1264 loco
1308 1224 1456 1263 Puerto
1488 1222 1537 1262 de
1554 1221 1768 1272 Ganfranc,

116 1293 251 1331 46002
282 1288 407 1343 Majo‚
439 1289 566 1329 Junio
598 1302 631 1328 c.
665 1288 751 1329 flor.

785 1366 1101 1420 Melampyrum.

229 1437 322 1476 769.
383 1432 442 1472 M.
474 1436 693 1473 cristatum
723 1433 768 1474 1..
801 1458 853 1464 —
893 1436 953 1475 ΡΙ.
984 1450 1069 1475 exs.
1105 1436 1193 1476 coll.
1231 1449 1319 1477 ven.
1352 1450 1389 1478 n.
1421 1438 1514 1478 282.

228 1500 274 1540 In
306 1501 542 1540 nemoribus
573 1502 613 1540 in
645 1501 751 1541 valle
782 1501 892 1541 fluvii
920 1503 1079 1556 Aragon
1112 1504 1280 1556 passim,
1313 1505 1532 1557 praecipue
1564 1503 1668 1542 inter
1694 1504 1768 1543 Sta

115 1566 273 1607 Lucilia
312 1572 354 1607 et
385 1566 501 1607 Jaca.
534 1566 659 1607 Junio
691 1582 724 1608 c.
756 1567 842 1608 flor.
896 1570 1078 1610 Occurrit
1110 1571 1231 1609 etiarn
1262 1571 1302 1609 in
1335 1570 1509 1609 vallibus
1540 1569 1768 1621 Pyrenaeo-

114 1645 202 1673 rum
233 1633 506 1674 inferioribus.

223 1703 317 1742 770.
378 1699 437 1742 M.
465 1704 662 1751 pratense
691 1701 736 1741 1..
768 1726 820 1734 --
864 1702 921 1742 ΡΙ.
958 1714 1043 1741 exs.
1076 1703 1166 1742 coll.
1200 1716 1291 1742 ven.
1325 1717 1363 1744 n.
1392 1705 1458 1744 79.

225 1765 270 1805 In
326 1768 546 1822 pinguibus
587 1780 795 1808 nemorum
828 1768 1072 1808 Cantabriae
1113 1771 1307 1822 copiose,
1347 1783 1382 1809 V.
1426 1783 1457 1810 c.
1490 1783 1614 1823 prope
1643 1771 1769 1820 Yrun,

123 1834 428 1883 Somorrostro,
468 1835 695 1888 Sopuerta,
742 1835 919 1882 Otanes,
951 1836 1055 1874 inter
1088 1836 1239 1875 Orozco
1271 1841 1312 1875 et
1343 1837 1547 1886 Zornosa3
1578 1838 1698 1877 etiam
1731 1839 1770 1877 in

127 1904 264 1940 monte
296 1900 497 1953 Moncayo
529 1901 761 1955 Aragoniae
791 1899 840 1942 ad
872 1902 940 1943 alt.
977 1906 1276 1944 1000-2500‘.
1323 1902 1591 1957 majo—Jul.
1622 1918 1654 1944 c.
1687 1904 1773 1946 flor.

706 1989 1163 2042 Cyrcamlraceae.

232 2057 325 2095 771.
384 2053 623 2094 Ramomlia
650 2060 882 2108 pyrenaica
913 2057 1045 2097 Rich.
1077 2079 1128 2086 ·—
1163 2058 1298 2098 Prodr.
1338 2058 1405 2098 lx.
1438 2073 1475 2113 p.
1500 2062 1593 2101 272.
1626 2083 1673 2091 -
1710 2059 1768 2102 ΡΙ.

114 2133 198 2159 exs.
230 2121 320 2159 coil.
354 2134 443 2160 ven.
477 2135 515 2160 n.
547 2124 639 2163 345.

226 2187 271 2225 ln
302 2188 528 2240 Pyrenaeis
546 2190 775 2242 Aragoniae
806 2192 845 2229 in
877 2189 1037 2230 fissuris
1067 2192 1222 2244 rupium
1257 2192 1294 2230 in
1328 2192 1434 2232 valle
1464 2192 1574 2232 fluvii
1593 2193 1766 2248 Galiego

117 2255 222 2293 inter
254 2254 402 2294 Biesca
442 2260 483 2294 et
513 2256 651 2308 Pueyo
694 2258 883 2310 copiose,
928 2259 1062 2297 minus
1091 2257 1342 2297 abundanter
1385 2258 1434 2298 ad
1464 2261 1590 2298 rivum
1623 2259 1766 2300 calde-

119 2333 187 2358 ras
229 2321 332 2359 inter
374 2320 591 2360 Panticosa
631 2327 671 2361 et
711 2324 858 2362 balnea
897 2324 1078 2377 ejusdem
1123 2326 1321 2373 nominis3
1364 2326 1412 2364 ad
1452 2339 1574 2380 rupes
1614 2328 1764 2367 montis

126 2388 266 2426 Sancti
298 2386 484 2426 Joannis.
547 2388 622 2427 Ait.
655 2393 960 2431 3000—4500‘.
993 2391 1133 2440 ιῘιιιιίο,
1166 2390 1277 2430 Julio
1308 2405 1340 2430 c.
1374 2391 1459 2432 ssor.

737 2500 1132 2541 orobancheae

808 2578 1062 2617 Orobcmche.

226 2642 320 2680 772.
381 2641 427 2680 0.
462 2640 654 2680 neaerae
680 2643 840 2696 Duby.
899 2645 1018 2685 Reut.
1062 2646 1102 2684 in
1144 2645 1279 2685 Prodr.
1323 2646 1388 2687 Xl.
1434 2661 1469 2700 p.
1510 2650 1575 2689 28.
1614 2670 1667 2678 —
1696 2648 1755 2689 ΡΙ.

112 2717 197 2743 exe.
231 2707 321 2745 coll.
355 2720 441 2746 ven.
476 2720 513 2747 n.
552 2710 639 2748 183.

225 2769 269 2809 ln
300 2772 504 2814 radicibus
522 2774 707 2816 neaerae
731 2775 874 2816 helicis
906 2791 1031 2831 prope
1048 2778 1298 2820 villafranca
1327 2781 1367 2820 in
1386 2781 1622 2836 Guipuzcoa
1635 2794 1754 2822 «πετο.

109 2833 217 2889 Majo
249 2851 281 2877 c.
312 2838 398 2879 flor.
